1955 3308
340 209 379 237 36
679 207 877 238 CHARTES
902 208 982 238 DES
1006 200 1218 239 LIBERTES
1241 208 1484 240 ANGLAISES

399 284 469 326 54.
506 284 661 327 Nullus
692 285 888 342 capiatur
921 301 1001 326 nec
1037 285 1352 343 imprisonetur
1384 295 1567 344 propter
1598 287 1819 344 appellum

341 352 498 394 femine
526 353 578 394 de
606 361 745 394 morte
774 353 952 395 alterius
981 369 1110 411 quam
1138 353 1217 395 viri
1248 355 1330 396 sui.

398 446 466 488 55.
508 447 666 488 Omnes
696 447 807 502 fines
840 450 918 505 qui
948 449 1108 504 injuste
1139 457 1179 488 et
1216 458 1368 489 eontra
1404 449 1537 506 legem
1572 458 1686 490 terre
1714 450 1829 507 facti

336 524 437 555 sunt
457 515 695 566 nobiscum,
712 524 751 555 et
768 518 915 555 omnia
936 517 1278 557 amerciamenta
1295 517 1419 573 facta
1440 518 1598 573 injuste
1615 526 1654 557 et
1671 526 1824 558 contra

337 583 468 639 legem
493 592 622 633 terre,
649 586 822 623 omnino
847 584 1161 633 condonentur,
1193 584 1259 624 vel
1279 584 1363 639 fiat
1391 585 1486 625 inde
1507 585 1820 642 penjudicium

337 652 705 708 vigintiquinque
745 651 956 691 baronum
992 651 1043 691 de
1075 651 1233 708 quibus
1271 651 1324 706 fit
1361 655 1524 692 mencio
1563 654 1746 710 inferius
1780 655 1823 693 in

333 724 567 759 securitate
584 722 725 776 pacis,
758 719 823 759 vel
841 735 923 775 per
941 718 1162 774 judicium
1187 720 1373 775 majoris
1386 724 1537 776 partis
1563 721 1818 771 eorundem,

335 802 424 826 una
457 803 552 827 eum
578 787 774 844 predicto
809 786 1028 843 Stephano
1061 786 1376 828 Cantuariensi
1405 788 1753 846 archiepiscopo,
1785 793 1824 842 si

335 857 538 896 interesse
557 856 739 912 poterit,
765 864 803 895 et
826 854 925 895 aliis
949 870 1056 912 quos
1082 871 1224 896 secum
1252 856 1312 897 ad
1336 855 1415 896 lzoc
1443 872 1597 896 vocare
1622 856 1817 897 voluerit.

333 923 389 963 Et
417 926 457 963 si
477 924 680 964 interesse
709 939 793 963 non
814 925 997 979 poterit,
1029 922 1335 964 nichilominus
1357 924 1571 981 procedat
1597 925 1818 982 negocium

332 992 423 1032 sine
457 1007 520 1043 eo,
558 994 618 1032 ita
653 991 783 1049 quod,
823 992 865 1032 si
896 991 1058 1049 aliquis
1085 990 1151 1033 vel
1177 991 1321 1049 aliqui
1348 992 1399 1033 de
1427 992 1635 1049 predictis
1671 995 1824 1049 viginti

332 1063 521 1118 quinque
558 1060 794 1100 baronibus
832 1060 999 1118 fuerint
1040 1061 1081 1099 in
1121 1059 1257 1100 simili
1289 1060 1488 1117 querela,
1534 1070 1821 1102 cirteoveantur

332 1136 542 1185 quantum
566 1128 625 1168 ad
650 1127 728 1168 hoc
739 1128 978 1184 judicium,
1004 1137 1043 1168 et
1064 1128 1144 1168 alii
1160 1127 1250 1168 loco
1276 1144 1423 1168 eorum
1443 1145 1526 1185 per
1551 1129 1745 1170 residuos
1769 1129 1821 1169 de

331 1196 487 1236 eisdem
523 1197 677 1253 viginti
705 1199 915 1254 quinque,
950 1205 1117 1236 tantum
1151 1197 1212 1236 ad
1242 1196 1320 1236 lzoc
1348 1198 1598 1253 faciendum
1631 1197 1754 1237 electi
1781 1205 1820 1237 et

329 1265 475 1314 jurati
498 1264 836 1304 substituantur.

390 1349 459 1391 56.
497 1350 637 1390 Sinos
652 1350 961 1390 disseisivimus
982 1349 1047 1389 vel
1062 1349 1357 1406 elongavimus
1381 1349 1602 1391 lValenses
1621 1350 1671 1390 de
1689 1352 1818 1391 terris

330 1419 396 1458 vel
430 1418 701 1459 libertatibus
736 1417 800 1457 vel
831 1417 960 1457 rebus
993 1416 1118 1466 aliis,
1156 1419 1247 1457 sine
1279 1417 1414 1474 legali
1434 1418 1607 1474 judicio
1637 1419 1815 1474 parium

328 1502 524 1536 suorum,
558 1488 597 1525 in
626 1484 789 1542 Anglia
817 1484 884 1525 vel
912 1487 952 1524 in
996 1485 1173 1535 IIfallc‘a,
1210 1486 1270 1524 eis
1296 1486 1442 1527 statim
1476 1485 1721 1525 reddantur
1737 1504 1750 1537 ,·
1780 1494 1819 1525 et

327 1556 368 1595 si
387 1556 605 1594 contencio
632 1569 763 1611 super
787 1552 865 1593 lzoc
893 1561 988 1592 orta
1007 1553 1160 1609 fuerit,
1185 1561 1285 1592 tunc
1312 1553 1408 1592 inde
1432 1552 1515 1607 siat
1539 1555 1580 1592 in
1609 1552 1818 1593 sslarclzia

324 1639 404 1679 per
423 1622 641 1679 judicium
672 1622 851 1679 parium
881 1634 1086 1669 suorum;
1114 1619 1165 1660 de
1196 1622 1447 1660 tenementis
1476 1619 1633 1678 Anglie
1663 1637 1816 1661 secun-

327 1690 429 1730 dum
462 1690 593 1747 legem
630 1689 813 1746 AnglieJ
846 1689 897 1729 de
929 1689 1181 1728 tenementis
1224 1688 1377 1730 Wallz'e
1409 1689 1645 1729 secundum
1683 1689 1813 1746 legem

337 1757 518 1809 Il'allz'e;
561 1758 612 1798 de
645 1759 895 1797 tenementis
930 1756 1129 1797 Mar-elne
1156 1756 1390 1797 secundum
1429 1755 1561 1814 legem
1598 1757 1811 1798 stlarclzie.

327 1826 442 1866 Idem
461 1826 626 1883 facient
656 1825 877 1867 Walenses
899 1824 1021 1864 nobis
1043 1832 1081 1863 et
1105 1826 1280 1865 nostris.

387 1919 455 1960 57.
494 1921 556 1960 De
580 1920 776 1960 omnibus
800 1928 944 1959 autem
976 1918 1059 1959 illis
1087 1919 1138 1959 de
1167 1919 1323 1977 quibus
1352 1919 1514 1976 aliquis
1549 1919 1813 1961 U'alensiuln

326 1988 712 2046 dissel'situsfiierit
733 1987 798 2028 vel
815 1988 1057 2044 elongatus,
1077 1989 1168 2027 sine
1186 1987 1499 2044 legalijudieio
1517 1989 1696 2044 parium
1719 2002 1814 2028 suo-

327 2072 440 2107 rum,
470 2073 555 2113 per
592 2057 826 2096 Hem-icum
857 2071 1000 2113 regem
1029 2064 1201 2112 patrem
1239 2064 1432 2095 nostrum
1469 2055 1535 2096 vel
1570 2055 1811 2096 Ricardum

325 2141 465 2181 regem
493 2125 681 2182 fratrem
710 2133 922 2173 nostrum,
952 2139 1033 2180 que
1065 2140 1141 2164 nos
1169 2125 1207 2163 in
1238 2139 1372 2163 manu
1399 2133 1550 2164 nostra
1578 2123 1810 2174 habemus,

326 2189 392 2230 vel
412 2205 494 2247 que
520 2189 601 2229 alii
621 2198 763 2229 tenent
787 2204 868 2246 (sue
894 2205 970 2229 nos
993 2197 1191 2245 oporteat
1220 2191 1540 2239 warantizare,
1572 2197 1810 2245 respectum

324 2257 578 2298 habebimus
601 2273 734 2315 usque
757 2257 816 2297 ad
835 2272 1100 2297 communem
1128 2265 1233 2297 term
1243 2257 1356 2296 inum
1386 2258 1807 2314 crucesignatormn‚

325 2325 409 2365 illis
443 2327 629 2382 erceptis
662 2326 712 2365 de
745 2325 900 2382 quibus
924 2324 1139 2381 placitum
1175 2333 1333 2364 motum
1365 2325 1451 2382 fuit
1485 2324 1551 2366 vel
1583 2325 1810 2382 inquisicio

319 2394 443 2451 facta
460 2409 544 2450 per
566 2402 814 2450 preceptum
843 2402 1037 2433 nostrum
1067 2402 1167 2433 ante
1194 2394 1511 2449 suscepcionem
1539 2394 1681 2433 crucis
1710 2408 1808 2433 nos-

323 2470 410 2512 tre;
452 2477 546 2501 cum
589 2470 731 2501 autem
766 2462 1038 2511 redierimus,
1080 2460 1146 2502 vel
1175 2462 1215 2501 si
1246 2460 1361 2518 forte
1401 2462 1742 2501 remanserimus
1781 2475 1808 2500 a

319 2532 671 2586 peregrinatimze
689 2539 856 2580 nostra,
884 2531 1027 2569 statim
1051 2530 1111 2569 eis
1130 2528 1227 2569 inde
1242 2528 1421 2585 plenam
1435 2529 1661 2584 justitiam
1684 2526 1808 2567 exhi-

323 2597 535 2647 bebimus,
566 2597 798 2637 secuudum
830 2597 942 2653 leges
977 2595 1240 2637 U'alensium
1270 2604 1309 2635 et
1323 2604 1479 2652 partes
1497 2595 1737 2652 predictas.

381 2690 450 2732 58.
487 2691 576 2733 Nos
597 2691 824 2731 reddemus
843 2690 983 2745 filium
1006 2690 1215 2731 Lewelini
1230 2691 1394 2741 statim,
1417 2699 1455 2729 et
1476 2706 1621 2730 omnes
1640 2689 1807 2730 obsides

320 2760 370 2799 de
404 2758 584 2807 Ilsallia,
610 2768 647 2798 et
675 2767 824 2798 cartus
849 2774 929 2815 (sue
958 2758 1079 2799 nobis
1102 2758 1282 2798 liberate
1300 2758 1482 2815 fuerunt
1511 2760 1550 2798 in
1572 2760 1807 2798 securitate

314 2842 455 2884 pasl-S*-
