1955 3308
440 194 764 227 CONFIRMATION
788 193 868 223 DES
892 191 1088 222 CHARTES
1113 189 1218 231 (1301)
1508 188 1566 217 109

213 531 339 577 XVI.
380 556 444 561 ——
480 524 964 574 CONFlmlATION
1003 522 1123 567 DES
1163 520 1455 567 CHARTES

660 675 738 700 PAR
772 663 967 699 finocAnn
1002 673 1013 697 1

652 797 713 849 (14
737 795 883 834 scvrier
906 793 1018 842 1301)

156 1068 270 1106 Cette
302 1066 419 1104 lettre
450 1073 630 1116 patente,
662 1062 793 1100 niunie
823 1063 874 1099 du
899 1061 1027 1112 grand
1061 1073 1178 1096 sceau
1206 1073 1252 1095 en
1279 1057 1360 1095 circ
1386 1056 1574 1100 blanche,

105 1129 232 1166 existe
258 1142 306 1166 en
334 1126 508 1178 original
533 1129 553 1162 ἐι
581 1126 615 1162 la
642 1124 910 1166 Bodlcienne,
940 1122 1115 1166 Oxlord,
1143 1120 1269 1171 parmi
1298 1120 1355 1157 les
1382 1119 1578 1169 Furney‘s

105 1191 307 1235 charters3
345 1189 419 1226 elle
455 1202 474 1225 a
508 1189 568 1225 ete
605 1187 743 1237 copiec
778 1199 849 1236 par
889 1184 1133 1221 Blackstone
1164 1196 1266 1233 pour
1297 1195 1370 1218 son
1404 1181 1576 1225 edition,

105 1269 144 1306 p.
165 1256 230 1300 85,
254 1268 332 1305 que
358 1267 460 1291 nous
483 1251 791 1303 reproduisons.
818 1251 879 1288 Cf.
901 1252 1069 1286 Statutes
1088 1249 1205 1296 oftlte
1226 1249 1348 1283 realm
1372 1245 1579 1297 (Charters

105 1328 149 1363 os
165 1325 361 1369 lil)erties‚
384 1338 423 1375 p.
447 1324 525 1374 44).

167 1553 408 1596 Edwardus
431 1553 511 1594 Dei
531 1551 677 1609 gracia
696 1567 771 1592 rex
789 1550 963 1609 AngHe,
983 1549 1184 1590 dominus
1205 1547 1413 1589 Hibernie
1435 1556 1476 1589 et
1497 1547 1583 1588 dux

108 1621 390 1679 Aquitmmie,
415 1619 616 1661 omnibus
639 1618 690 1659 ad
715 1618 830 1676 quod
858 1625 1085 1675 presentes
1113 1616 1257 1657 littere
1284 1615 1579 1672 pervenerint,

111 1689 308 1730 salutem.
349 1686 506 1729 Sciatis
547 1686 663 1743 quod
709 1702 805 1727 cuni
846 1701 924 1726 nos
972 1700 1168 1743 magnam
1210 1692 1370 1724 cartam
1417 1683 1582 1724 domini

111 1756 286 1797 Henrici
313 1755 531 1812 quondam
561 1754 675 1812 regis
707 1753 863 1810 Anglie
892 1753 1027 1810 patris
1058 1752 1197 1793 nostri
1224 1752 1277 1792 de
1305 1751 1583 1792 libertatibus

110 1824 267 1882 Anglie
295 1839 377 1864 una
402 1839 498 1863 cum
521 1831 634 1863 carta
661 1821 713 1862 de
740 1822 898 1862 foresta
925 1819 1272 1862 concesserimus
1295 1827 1338 1860 et
1359 1818 1583 1860 confirma-

110 1891 297 1932 verimus
329 1907 374 1932 ac
407 1891 755 1931 innox-averimus
790 1905 868 1946 per
898 1897 1058 1930 cartam
1087 1896 1305 1938 nostram,
1333 1885 1584 1944 preceperi-

112 1975 294 2016 musque
323 1958 440 2015 quod
468 1966 584 1998 carte
621 1957 693 1998 ille
725 1958 767 1998 in
798 1955 982 2015 singulis
1014 1956 1103 1997 suis
1131 1955 1326 1996 articulis
1354 1962 1586 1996 teneantur

113 2036 154 2068 et
179 2025 361 2067 firmiter
383 2027 684 2075 observentur,
708 2024 905 2065 volumus
928 2032 970 2064 et
992 2022 1273 2064 concedimus
1296 2038 1374 2080 pro
1396 2021 1524 2064 nobis
1545 2029 1585 2062 et

112 2094 348 2136 heredibus
377 2094 538 2135 nostris
567 2093 701 2150 quod,
731 2092 764 2133 si
791 2108 873 2150 que
898 2099 1055 2133 statuta
1076 2090 1238 2132 suerint
1253 2091 1470 2132 contraria
1492 2089 1586 2131 die-

112 2162 168 2203 tis
195 2161 324 2203 cartis
349 2161 415 2202 vel
441 2161 567 2202 alicui
587 2160 769 2202 articulo
797 2161 841 2201 in
869 2159 1034 2201 eisdem
1058 2160 1187 2200 cartis
1213 2167 1434 2209 contento,
1464 2174 1510 2199 ea
1534 2157 1586 2198 de

114 2228 333 2271 communi
359 2227 542 2270 consilio
574 2228 697 2286 regni
720 2226 857 2269 nostri
884 2227 1012 2268 modo
1038 2226 1187 2268 debito
1214 2226 1501 2268 emendentur
1520 2224 1586 2266 vel

115 2296 251 2338 eciam
283 2296 579 2338 adnullentur.
619 2297 665 2336 In
704 2296 826 2352 cujus
866 2295 929 2336 rei
967 2294 1266 2335 testimonium
1305 2294 1382 2335 has
1419 2293 1586 2334 litteras

115 2373 284 2405 nostras
315 2364 409 2405 fieri
436 2364 615 2404 fecimus
644 2371 860 2421 patentes.
894 2364 1022 2404 Teste
1052 2378 1118 2403 me
1145 2362 1242 2419 ipso
1270 2361 1384 2419 apud
1414 2360 1587 2402 Lincol-

114 2431 229 2473 niam
257 2440 410 2488 quarto
438 2431 606 2472 decimo
639 2431 709 2472 die
742 2429 971 2483 februarii,
1003 2446 1116 2472 anno
1145 2430 1269 2488 regni
1304 2429 1443 2470 nostri
1472 2429 1588 2470 vice-

116 2498 224 2541 simo
249 2515 378 2540 nono.
