1955 3308
586 217 613 250 I.
637 237 676 243 -
699 219 869 251 CHARTE
893 219 947 250 DE
972 220 1105 251 HENRI
1128 221 1169 250 1·=
1603 222 1621 253 3

548 400 838 441 [restitutiones
870 400 915 440 H
915 403 1031 442 ent-ie
1038 403 1053 440 ι’
1082 405 1211 458 regis.

194 564 322 605 Anno
358 562 672 604 incarnationis
717 563 937 604 dominice
980 580 1026 604 M.
1066 581 1104 605 c.
1151 583 1179 606 1.
1225 567 1461 615 Henricus,
1504 566 1618 607 filius

136 630 347 675 Willelmi
376 631 514 687 regis,
546 639 646 687 post
674 631 840 671 obitum
868 632 1011 672 fratris
1042 633 1107 672 sui
1133 632 1344 676 Willclmi
1370 634 1450 674 Dei
1478 633 1616 691 gratia

135 713 212 738 rex
234 697 492 754 Anglorum,
524 697 727 739 omnibus
758 698 988 739 fidelibusl
1019 699 1216 741 salutem.

195 790 233 830 1.
264 789 420 831 Sciatis
442 806 508 831 me
532 791 611 831 Dei
633 791 933 832 misericordia
954 800 994 832 et
1015 793 1235 833 communi
1258 794 1469 834 consilio?
1493 795 1613 835 baro-

136 874 238 899 num
266 859 401 898 totius
433 859 556 915 regni
589 859 768 915 Anglie,
796 859 989 914 ejusdem
1007 860 1022 885 ³
1046 876 1192 915 reg-em
1219 870 1472 901 coronatum
1501 878 1613 902 esse.

135 927 204 976 Et,
230 926 328 981 quia
359 941 541 983 regnum
569 942 826 982 oppressum
853 935 943 966 erat
973 928 1146 981 injustis
1170 927 1486 977 exactionibus,
1515 945 1612 984 ego,

136 991 216 1033 Dei
245 1000 447 1049 respectu
476 1001 517 1033 et
545 1008 690 1033 amore
717 1009 845 1050 quein
875 1010 976 1051 erga
1000 994 1101 1034 voss¹
1130 995 1288 1044 habeo,
1312 1004 1505 1036 sanet-ani
1535 997 1613 1037 Dei

135 1059 361 1101 ecclesiam
384 1059 585 1116 inprimis
615 1060 797 1100 liberam
820 1061 951 1111 facio,
977 1060 1034 1101 ita
1061 1062 1179 1118 quod
1202 1078 1281 1103 nec
1303 1063 1485 1103 vendam
1501 1098 1509 1111 ‚
1535 1079 1614 1105 nec

135 1127 188 1167 ad
207 1126 372 1167 firmam
392 1142 569 1183 ponam,
595 1143 675 1167 nec
700 1136 870 1168 mortuo
897 1128 1254 1186 archiepiscopo,
1277 1130 1364 1170 sive
1385 1130 1611 1187 episcopo,

134 1194 252 1234 sive5
273 1194 446 1244 abbate,
474 1194 640 1250 aliquid
665 1195 877 1251 accipiam
905 1195 957 1235 de
981 1195 1203 1237 dominico
1230 1197 1414 1238 ecclesie
1443 1198 1506 1238 vel
1534 1198 1614 1238 deG

133 1261 386 1302 hominibus
427 1262 542 1317 ejus,
585 1262 725 1303 donec
762 1278 988 1303 successor
1024 1264 1067 1303 in
1100 1280 1191 1303 eain
1232 1265 1518 1321 ingrediatur.
1563 1267 1613 1306 lit

134 1324 284 1369 onincs
310 1328 441 1369 malas
465 1329 824 1379 consuetudines,
844 1330 1004 1386 quibus
1032 1347 1214 1387 regnum
1240 1332 1397 1389 Anglic
1422 1332 1614 1388 injuste⁷

134 1396 480 1452 opprimebatur,
516 1396 616 1436 inde
658 1398 828 1447 aul'cr03
869 1413 976 1453 quas
1011 1398 1143 1438 malas
1187 1400 1529 1441 eonsuetudines
1561 1418 1612 1441 ex

133 1471 255 1519 parte
280 1462 352 1504 hic
373 1463 518 1520 pono8
544 1481 551 1503 :

191 1555 231 1595 2.
271 1556 316 1597 Si
338 1557 435 1612 quis
458 1557 686 1607 baronum,
716 1558 922 1597 comitum
947 1573 1139 1598 meorum
1156 1559 1186 1609 9,
1213 1559 1300 1599 sive
1331 1559 1513 1601 aliorum
1536 1561 1610 1617 qui

132 1622 186 1664 de
216 1639 280 1664 me
310 1632 482 1675 tenent,
508 1632 705 1666 mortuus
734 1625 884 1675 fuerit,
910 1626 1037 1666 heres
1067 1642 1169 1666 suus
1201 1643 1286 1667 non
1314 1627 1500 1668 redimet
1522 1636 1610 1668 ter-

134 1706 222 1730 ram
254 1707 371 1732 suam
407 1690 518 1731 sicut
551 1691 737 1732 faciebat
770 1700 968 1748 tempore
1002 1692 1146 1733 fratris
1177 1693 1283 1744 inei,
1314 1694 1390 1734 sed
1420 1697 1537 1749 justa
1570 1704 1611 1736 et

132 1756 326 1814 legitima
357 1758 666 1799 relevationem
699 1759 912 1800 relevabit
946 1775 1053 1800 eain.
1090 1760 1305 1801 Similiter
1339 1770 1382 1802 et
1406 1762 1609 1802 homines

133 1823 345 1865 baronum
378 1841 572 1866 meorum
601 1827 718 1881 justa
754 1835 795 1866 et
830 1826 1025 1883 legitima
1059 1828 1324 1869 relevatione
1355 1829 1611 1870 relevabunt

132 1898 270 1932 terras
293 1907 390 1932 suas
413 1892 466 1933 de
489 1892 679 1933 dominis
702 1894 807 1933 suis.

191 1984 232 2026 3.
270 1988 323 2027 Et
356 1986 391 2027 si
422 1987 518 2043 quis
552 1987 807 2028 baronu1n11
834 1987 900 2028 vel
934 1988 1118 2029 aliorum
1154 1989 1379 2031 hominum
1416 2007 1608 2033 meorum

133 2052 265 2093 filiam
304 2069 425 2094 suam
459 2062 644 2110 nuptum
680 2054 855 2095 tradere
889 2055 1098 2106 voluerit,
1139 2055 1227 2097 sive
1265 2072 1481 2107 sororem,
1520 2057 1609 2099 sive

174 2216 201 2245 1.
226 2216 273 2246 La
294 2216 390 2256 copie
404 2215 449 2245 du
468 2216 567 2246 Livre
585 2227 692 2257 rouge
707 2217 747 2247 de
765 2208 975 2258 I'Echiquier
991 2217 1040 2258 (L.
1054 2219 1107 2260 R.)
1123 2229 1318 2249 commence
1338 2231 1402 2260 par
1423 2232 1477 2250 ces
1494 2225 1583 2251 mots
1602 2232 1607 2251 :

132 2256 310 2293 Henricus,
341 2257 400 2287 Dei
423 2258 536 2297 gratia
568 2268 627 2288 rex
649 2259 850 2299 Anglorum,
876 2260 1036 2289 omnibus
1064 2260 1254 2290 baronibus
1278 2266 1310 2291 et
1336 2261 1497 2291 fidelibus
1525 2263 1608 2299 suis,

132 2297 273 2328 Francis
298 2302 330 2328 et
347 2299 479 2338 Anglis,
503 2299 661 2329 salutem.

195 2363 201 2369 .
227 2339 263 2368 L.
277 2339 315 2369 R.
336 2339 449 2379 ajoute
468 2349 475 2371 z
494 2343 525 2369 et
542 2351 691 2377 assensu,
708 2345 741 2370 et
754 2344 845 2371 ornet
861 2351 866 2370 ;
887 2342 999 2371 totius.

195 2404 201 2409 .
225 2380 262 2410 L.
280 2380 318 2410 R.
338 2381 450 2420 ajoute
470 2391 475 2410 :
495 2381 601 2422 regni.

195 2444 201 2451 .
225 2420 261 2450 L.
284 2421 321 2451 R.
345 2426 457 2461 ajoute
477 2432 483 2452 z
503 2432 626 2452 omues.

194 2486 200 2492 .
225 2462 261 2491 L.
280 2462 319 2492 R.
339 2472 380 2492 a:
400 2473 466 2492 seu.

196 2526 202 2532 .
226 2502 262 2532 L.
282 2503 318 2533 R.
338 2508 450 2533 omet:
471 2504 522 2533 de.

195 2567 201 2573 .
222 2544 258 2573 L.
277 2544 316 2574 R.
338 2549 428 2574 omet
447 2555 452 2574 :
475 2545 607 2585 injuste.

194 2608 199 2614 .
225 2584 276 2614 On
294 2584 335 2614 lit
351 2585 436 2615 dans
455 2586 490 2616 L.
510 2587 547 2616 R,
565 2597 725 2626 suppone,
743 2596 785 2615 au
803 2585 871 2615 lieu
887 2586 927 2615 de
945 2597 950 2616 :
969 2585 1136 2626 hiepoan.

195 2649 200 2655 .
226 2625 277 2655 On
291 2625 332 2655 lit
346 2627 431 2656 dans
449 2627 484 2657 L.
504 2628 542 2657 R.
561 2638 566 2656 :
585 2627 747 2657 baronum
765 2638 911 2656 meorum
925 2627 1092 2658 comitum.

173 2667 222 2696 10.
247 2666 293 2695 Ici
316 2671 348 2697 et
364 2672 505 2708 partout
521 2668 675 2705 ailleurs,
695 2668 729 2698 L.
750 2669 786 2698 R.
808 2669 918 2698 donne
942 2669 1086 2708 lale-9011
1107 2670 1233 2700 sautive
1253 2680 1258 2699 :
1280 2668 1498 2710 revelacione,
1517 2681 1610 2699 reve-

133 2707 229 2738 labit.

173 2748 222 2778 11.
247 2747 283 2778 L.
302 2749 340 2779 R.
361 2749 473 2790 ajoute
493 2761 499 2780 :
519 2761 663 2781 meorum
681 2755 714 2781 et
731 2755 822 2781 omet
839 2750 995 2782 aliorum.

170 2340 190 2656 QoequUC-*QORQ
