1955 3308
328 205 366 233 88
665 203 861 235 CHARTES
883 205 964 235 DES
988 205 1198 236 LIBERTES
1222 206 1460 237 ANGLAISES

327 283 408 318 faut
423 281 618 318 admettre
633 294 710 332 que
723 294 788 319 ses
807 282 1076 332 dispositions
1094 283 1319 321 meritaient
1334 285 1460 321 d'etre
1479 284 1659 323 inserees
1672 286 1799 336 parmi

327 343 387 380 les
411 342 489 380 lois
511 343 908 381 constitutionnelles
933 345 985 381 du
1007 358 1210 395 royaume.
1236 345 1267 382 ll
1289 346 1393 384 avait
1414 359 1457 383 sa
1478 347 1590 397 place
1611 349 1800 399 marquee

327 406 427 442 dans
449 413 564 442 notre
586 405 752 450 recueil,
776 414 814 443 et
833 408 853 442 a
875 419 992 443 cause
1015 407 1062 443 de
1085 420 1128 443 sa
1149 406 1287 444 valeur
1307 421 1472 458 propre,
1494 417 1531 446 et
1549 412 1569 446 a
1589 422 1707 447 cause
1728 410 1799 447 des

327 467 501 517 longues
524 475 561 504 et
582 467 770 504 ardentes
793 467 1047 518 polemiques
1069 469 1167 506 dont
1187 468 1214 504 il
1234 482 1255 505 a
1276 471 1337 506 ete
1359 470 1509 521 l'objet.

379 528 433 565 Le
462 536 568 565 texte
596 529 648 565 du
672 544 689 562 «
717 537 839 566 statut
863 544 880 563 ›>
904 542 1006 566 nous
1034 543 1054 566 a
1077 531 1138 566 ete
1165 533 1361 569 conserve
1387 532 1703 570 exclusivement
1729 546 1801 583 par

326 589 385 627 les
408 590 705 640 chroniqueurs
730 606 737 627 ε
763 590 930 628 Gautier
951 592 1000 627 de
1024 591 1358 643 Hemingburgh,
1385 594 1442 640 ΙΙ,
1469 594 1557 640 152,
1582 594 1797 639 Cnitthon,

327 651 357 695 I,
379 652 469 696 390,
492 660 567 688 etc.
594 651 625 688 Il
643 665 663 688 a
682 653 742 689 ete
764 651 950 702 imprime
970 653 1069 689 dans
1088 652 1146 689 les
1168 655 1337 690 stannes
1355 657 1402 703 of
1416 657 1476 692 the
1495 658 1633 699 realm,
1655 656 1686 701 I,
1709 656 1797 701 125,

326 713 486 763 d'apres
528 713 564 750 le
603 727 677 750 ηις.
722 715 774 751 du
814 714 969 765 college
1003 715 1051 751 de
1091 715 1252 766 Corpus
1293 716 1447 754 Christi
1483 718 1503 754 a
1538 717 1797 769 Cambridge,

326 780 368 811 n⁰
405 776 496 819 377,
540 775 608 825 qui
651 783 712 813 est
761 790 813 813 un
854 776 1003 813 recueil
1040 778 1088 813 de
1122 786 1266 814 statuts
1295 778 1416 815 ecrits
1460 792 1506 816 au
1546 785 1631 816 ΧινΘ
1661 779 1796 817 siecle.

326 836 572 874 Bl'ackstone
595 851 613 873 a
636 837 772 888 publie
788 846 904 875 notre
929 854 945 873 «
964 846 1085 876 statut
1107 855 1140 884 υ,
1163 853 1201 889 p.
1226 853 1317 885 va,
1339 841 1499 890 d'apres
1520 841 1557 877 la
1577 841 1800 892 chronique

325 900 374 936 de
399 899 727 951 Hemingburgh.
761 901 872 938 Nous
903 914 1028 938 avons
1059 902 1271 952 reproduit
1298 916 1371 939 son
1401 911 1522 948 texte,
1550 904 1618 954 qui
1648 916 1750 940 nous
1780 917 1801 940 a

325 975 425 1012 paru
449 962 674 1012 preferable
697 966 717 999 a
739 963 841 1000 celui
863 964 934 1000 des
955 966 1139 1001 §muetos
1166 963 1226 1001 Cf.
1254 964 1426 1010 Stubbs,
1450 968 1574 1003 Select
1602 966 1797 1009 clzarters,

326 1037 365 1074 p.
392 1024 492 1070 4973
518 1032 555 1061 et
575 1027 732 1061 Conslc't.
761 1026 850 1061 lzist.
878 1025 928 1070 ll,
949 1026 1035 1062 142.

593 1184 825 1239 (Scamnum
855 1185 905 1224 de
934 1184 1114 1242 tallagio
1138 1202 1220 1226 non
1250 1186 1531 1242 coneedendo)

649 1253 839 1293 Articuli
858 1256 1011 1294 inserti
1033 1259 1075 1294 ιἰι
1099 1255 1265 1311 Magna
1295 1254 1470 1294 Carta1.

386 1365 424 1405 1.
462 1365 638 1407 Nullum
672 1366 897 1424 tallagium
931 1366 997 1407 vel
1034 1367 1239 1408 auxilium
1279 1383 1358 1424 per
1395 1383 1474 1408 nos
1511 1368 1576 1408 vel
1613 1368 1799 1409 heredes

327 1441 501 1474 nOStI’OS
536 1433 588 1474 (le
623 1442 769 1475 (ἴθῒθΓΟ
805 1435 848 1475 ll]
885 1451 1021 1475 ΓΘΟὫΟ
1059 1444 1208 1476 [ἸΟΞῒΓΟ
1242 1435 1493 1492 lsl‘lponatllr
1527 1452 1602 1476 Seu
1633 1435 1800 1477 levetur

933 1468 957 1492 0

329 1500 424 1541 sine
472 1501 695 1542 voluntate
746 1511 787 1543 et
837 1518 1016 1543 assensu
1072 1502 1290 1544 communi
1338 1503 1797 1560 archiepiscoporum,

328 1569 635 1626 episcoporum
671 1579 713 1610 et
752 1570 933 1611 aliorum
968 1571 1257 1628 prelatorum,
1298 1571 1526 1621 comitum,
1563 1573 1797 1621 baronum,

331 1636 542 1687 militum,
588 1637 874 1695 burgensium
908 1647 948 1679 et
991 1638 1173 1680 aliorum
1213 1639 1450 1680 liberorum
1489 1639 1714 1680 hominum
1757 1639 1799 1680 in

332 1721 469 1763 regno
495 1713 645 1746 nostro
661 1705 691 1746 ².

387 1799 428 1840 2.
465 1799 619 1842 Nullus
647 1800 847 1841 minister
874 1810 1025 1842 noster
1053 1801 1117 1842 vol
1142 1802 1353 1843 heredum
1381 1810 1631 1843 nostrorum
1661 1801 1803 1858 capiat

329 1867 481 1919 blada,
517 1868 659 1919 lanas,
689 1869 803 1909 coria
835 1878 907 1910 aut
935 1869 1077 1926 aliqua
1107 1869 1187 1910 alia
1218 1871 1327 1911 bona
1361 1872 1682 1927 cujuscunque,
1710 1871 1803 1912 sine

328 1935 551 1976 voluntate
577 1945 618 1977 et
641 1952 825 1977 assensu
852 1936 969 1977 illius
996 1939 1118 1993 cujus
1147 1938 1309 1978 suerint
1329 1937 1581 1994 hujusmodi
1605 1939 1732 1979 bona.

386 2030 427 2072 3.
466 2031 611 2071 Nichil
641 2032 836 2088 capiatur
858 2032 911 2072 de
936 2040 1098 2082 cetero,
1131 2033 1308 2073 nomine
1338 2032 1404 2073 vel
1439 2032 1668 2074 occasione
1694 2032 1803 2073 male

330 2098 454 2148 tolte,
480 2098 532 2139 de
556 2114 681 2139 sacco
707 2099 819 2140 lane.

386 2192 428 2233 4.
465 2193 674 2234 Volumus
704 2194 836 2234 eciam
865 2203 907 2234 et
934 2195 1216 2236 concedimus
1244 2211 1323 2252 pro
1349 2195 1476 2236 nobis
1503 2203 1545 2236 et
1566 2194 1802 2235 heredibus

330 2261 490 2301 nostris
513 2261 629 2318 quod
651 2278 802 2303 omnes
825 2263 971 2303 clerici
995 2272 1037 2304 et
1063 2262 1172 2319 layci
1202 2263 1256 2304 de
1282 2279 1417 2320 regno
1444 2271 1592 2303 nostro
1614 2262 1804 2303 habeant

330 2344 481 2369 omnes
512 2329 654 2385 leges,
684 2329 911 2371 libertates
949 2339 990 2371 et
1020 2330 1181 2371 liberas
1217 2330 1558 2372 consuetudines
1591 2322 1708 2379 suas,
1744 2330 1802 2370 ita

329 2396 467 2438 libere
489 2405 532 2438 et
552 2398 723 2455 integre
752 2399 863 2439 sicut
892 2415 962 2439 eas
985 2398 1130 2456 aliquo
1158 2407 1357 2456 tempore
1384 2399 1557 2456 plenius
1585 2407 1628 2439 et
1648 2398 1803 2439 melius

370 2552 399 2582 1
425 2552 468 2581 Ce
486 2552 564 2582 titre
586 2563 620 2581 es
626 2554 767 2582 tfourni
786 2564 850 2593 par
873 2553 1012 2584 Guntier
1029 2555 1069 2583 de
1088 2554 1361 2594 Hemingburgh.

371 2595 400 2622 2.
426 2594 514 2623 Dana
540 2594 689 2623 l'edition
714 2594 772 2623 des
795 2598 957 2629 S'ntalucm,
977 2600 1029 2624 cet
1055 2596 1173 2625 {wticlc
1200 2606 1234 2625 se
1255 2596 1295 2625 lit
1319 2595 1406 2625 ainsi
1431 2606 1436 2624 :
1459 2595 1600 2624 Nullum
1620 2593 1804 2634 tallagium

330 2635 383 2663 vel
402 2635 567 2664 auxilium
588 2645 648 2675 pei
669 2646 729 2665 nos
751 2636 803 2665 vel
826 2620 968 2666 herede’s
992 2641 1127 2666 nosnos
1152 2637 1184 2666 in
1204 2648 1309 2677 regno
1333 2641 1450 2666 nostro
1468 2641 1616 2676 ponatur
1634 2646 1692 2665 seu
1711 2636 1804 2666 leve-

330 2680 396 2711 tur,
423 2676 493 2705 sive
521 2676 696 2706 voluntate
723 2681 752 2706 et
784 2689 820 2706 as
816 2689 927 2707 sensu
954 2678 1063 2707 tocius
1092 2678 1175 2714 (chc)
1207 2678 1559 2725 archiepiscoporum,
1591 2678 1802 2718 episcorum,

330 2717 504 2750 comitum.
525 2717 705 2752 baronum,
724 2722 786 2748 etc·
804 2719 894 2748 Nous
910 2719 1065 2748 donnons
1084 2724 1169 2749 cette
1187 2720 1343 2750 variante
1360 2719 1584 2759 uniquement
1600 2729 1687 2759 pour
1706 2729 1803 2749 mon-

330 2763 400 2789 trer
419 2769 482 2799 que
500 2759 530 2788 le
551 2764 636 2789 texte
658 2759 701 2788 du
720 2760 950 2800 chioniqueui
970 2765 1021 2790 est
1037 2761 1242 2800 prefeiable.

1941 2783 1955 2837 ⁴...'
1948 2671 1955 2770 .-Α-ῃ
1949 2642 1955 2658 ,μ
1949 2573 1955 2629 -.—
