1955 3308
464 222 533 253 VII.
560 239 597 244 —
620 221 791 253 GRANDE
816 220 986 251 CHARTE
1013 220 1065 250 DE
1092 220 1220 250 HENRI
1246 221 1290 250 lll
1578 221 1615 250 57

201 300 272 343 35.
308 300 468 345 Nullus
492 301 720 341 comitatus
743 299 936 340 decetero
964 306 1178 348 teneatur,
1211 298 1294 338 nisi
1323 297 1373 337 de
1403 312 1544 337 mense
1576 297 1618 337 in

145 384 359 418 tnensetn,·
383 377 438 419 et,
465 368 536 408 ubi
556 369 700 424 major
723 369 930 407 terminus
954 381 1044 407 esse
1066 365 1248 415 solebat,
1273 366 1417 422 major
1435 365 1504 405 sit.
1529 364 1618 406 Nec

146 436 307 494 aliquis
327 452 466 477 comes
488 434 554 476 vel
575 434 758 476 ballivus
774 433 783 460 '¹
804 434 944 491 jaciat
971 442 1145 473 turnum
1175 447 1299 472 suum
1323 447 1404 489 per
1428 430 1619 472 ltundre-

145 505 245 546 dum
275 507 359 545 nisi
387 504 448 544 bis
476 507 516 543 in
546 518 661 543 anno
691 511 728 543 et
763 518 847 542 non
874 503 961 542 nisi
983 503 1025 542 in
1052 500 1141 541 loco
1169 500 1307 541 debito
1335 508 1374 540 et
1400 508 1617 550 consueto,

146 571 339 614 videlicet
378 571 511 612 semel
538 580 638 628 post
674 569 852 611 Pascha
892 578 931 610 et
970 572 1124 610 iterum
1157 577 1258 626 post
1285 571 1444 625 sestam
1481 569 1625 608 sancti

146 639 387 681 Michaelis.
411 640 469 680 Et
492 641 606 680 visus
626 639 677 680 de
698 639 855 697 franco
871 637 1013 696 plegio
1036 646 1136 678 tunc
1155 637 1237 692 fiat
1257 637 1316 677 ad
1338 636 1459 677 illum
1481 637 1621 677 termi-

147 724 248 749 num
273 711 416 749 sancti
440 707 667 749 Alicltaelis
694 710 784 747 sine
811 709 1051 756 occasione,
1084 707 1144 746 ita
1167 704 1327 746 scilicet
1353 704 1469 762 quod
1493 704 1622 762 quili-

150 776 215 817 bet
242 775 400 817 habeat
430 775 649 817 libertates
679 790 785 816 suas
814 790 924 832 quas
954 774 1105 815 habuit
1132 773 1200 814 et‘3
1221 773 1380 814 habere
1407 775 1624 813 consucvit

151 853 337 901 tempore
361 846 474 901 regis
499 844 679 884 Henrici
695 845 767 885 avi
789 844 939 891 nostri,
971 841 1036 883 vel
1053 857 1164 900 quas
1180 850 1330 899 postca
1346 841 1621 898 perquisivit,

154 916 250 956 Fiat
283 924 425 955 autem
461 916 575 956 visus
607 915 657 955 cle
682 915 839 972 franco
869 913 1013 970 plegio
1049 915 1133 963 sic,
1165 911 1356 953 videlicet
1390 912 1506 970 quod
1532 927 1625 968 pax

153 991 303 1024 nostra
330 991 543 1033 teneatur,
568 991 607 1022 et
631 981 746 1039 quod
769 981 961 1038 tetltinga
983 984 1150 1038 integra
1172 980 1254 1021 sit3
1277 982 1388 1021 sicut
1413 996 1503 1020 esse
1524 995 1625 1019 con-

150 1053 301 1100 suevit,
324 1059 363 1091 et
386 1050 502 1108 quod
518 1052 746 1090 vicecomes
770 1065 854 1089 non
872 1059 1027 1107 querat
1048 1051 1310 1100 occasiones,
1335 1057 1373 1088 et
1391 1048 1507 1106 quod
1525 1063 1626 1087 con-

151 1127 290 1159 tentus
322 1121 377 1159 sit
411 1134 458 1158 eo
491 1119 607 1176 quod
636 1120 863 1158 vicecomes
900 1117 1059 1158 lzabcre
1097 1117 1312 1157 consuevit
1345 1117 1395 1157 de
1428 1119 1518 1156 visu
1548 1131 1626 1156 suo

147 1186 351 1245 faciendo
377 1195 564 1243 tempore
591 1188 704 1243 regis
729 1186 907 1226 Henrici
928 1188 1001 1225 avi
1025 1187 1175 1225 nostri.

210 1279 281 1322 36.
317 1279 441 1323 N0n4
464 1280 590 1321 liceat
617 1280 753 1321 alicui
777 1280 967 1320 develet-o
992 1280 1099 1320 dare
1124 1287 1285 1319 terram
1310 1295 1437 1319 suam
1465 1279 1629 1319 ulicui5

153 1350 303 1390 domui
325 1349 537 1408 religiose,
561 1352 622 1390 ita
645 1349 762 1407 quod
784 1348 907 1389 eam6
931 1357 1123 1390 resumat
1145 1348 1372 1388 tenendam
1401 1347 1451 1388 de
1477 1348 1626 1388 eadem

153 1419 298 1467 domo,
331 1433 407 1458 nec
437 1415 566 1458 liceat
592 1417 729 1458 alicui
754 1418 900 1458 domui
926 1416 1124 1475 rfltgiosc
1151 1425 1314 1457 terratn
1346 1415 1536 1471 alicujus
1568 1417 1629 1455 sic

154 1488 348 1543 accipere
374 1486 490 1544 quod
518 1485 667 1526 tradat
694 1485 812 1526 illam
841 1485 907 1525 ei7
931 1501 958 1525 a
985 1501 1068 1543 quo
1100 1486 1237 1543 Ipsam
1268 1484 1454 1542 recepit8
1480 1494 1627 1525 tenen-

154 1553 270 1596 dam.
293 1554 343 1595 Si
357 1557 452 1612 quis
476 1563 619 1595 autem
642 1554 692 1595 de
712 1563 850 1594 cetero
875 1563 1037 1594 terram
1057 1569 1182 1594 suam
1202 1553 1338 1594 alicui
1359 1553 1508 1594 domui
1524 1552 1626 1594 reli-

149 1623 270 1680 giose
306 1624 367 1663 sic
406 1622 591 1674 dederit,
624 1631 662 1663 et
693 1638 824 1679 super
859 1622 936 1662 lloc
967 1625 1264 1672 convincatur,
1303 1621 1461 1662 donum
1500 1636 1625 1661 suum

150 1691 322 1748 penitus
363 1699 574 1741 cassetur,
621 1699 660 1730 et
703 1699 821 1730 terra
868 1689 944 1730 illa
988 1690 1158 1730 domino
1206 1688 1310 1730 suo9
1357 1689 1472 1730 illius
1513 1689 1630 1747 feodi

158 1759 427 1798 incurratur.

214 1850 286 1893 37.
322 1852 575 1909 Scutagiutn
601 1852 791 1893 decetcro
819 1855 1024 1910 capiatur
1043 1856 1153 1893 sicut
1178 1855 1277 1913 capi
1295 1852 1461 1893 solebat
1479 1851 1508 1879 10
1526 1861 1632 1892 tam-

154 1936 260 1977 pore
288 1923 400 1978 regis
424 1921 603 1961 Hem-ici
625 1923 696 1963 avi
726 1921 923 1962 nostr-51¹.
948 1922 1005 1961 Et
1030 1920 1148 1962 salve
1173 1924 1258 1961 sint
1277 1920 1630 1977 archiepiscopis,

160 2096 202 2116 on
220 2085 261 2115 lit
276 2085 422 2115 l'article
441 2085 579 2115 suivant
594 2084 643 2125 (¹1⁰
664 2086 715 2127 40)
739 2097 744 2115 ;
764 2097 779 2116 «
799 2086 839 2116 Et
858 2086 886 2116 si
901 2097 959 2116 rex
975 2086 1149 2116 Johannes
1172 2089 1271 2126 pater
1292 2089 1408 2116 noster
1429 2084 1638 2115 dissaisierit

160 2127 214 2157 vel
232 2126 445 2167 elongaverit
463 2127 651 2157 Wallenses
670 2127 711 2157 de
728 2128 829 2157 terris
848 2128 901 2157 vel
919 2128 1139 2158 libertatibus
1160 2128 1213 2158 vel
1232 2127 1310 2157 aliis
1326 2127 1428 2157 rebus
1445 2126 1516 2156 sine
1532 2126 1636 2166 legali

157 2167 287 2209 judicio
308 2168 445 2208 parium
468 2179 609 2198 suorum
629 2169 663 2198 in
682 2169 805 2209 Anglia
823 2169 877 2199 vel
901 2169 935 2199 in
956 2169 1089 2202 wallia,
1113 2169 1161 2199 eis
1185 2169 1302 2199 statim
1328 2168 1536 2204 reddantur;
1557 2172 1589 2198 et
1610 2167 1637 2197 si

160 2209 332 2239 contentio
349 2220 452 2250 super
466 2209 529 2239 hoc
545 2213 618 2239 orta
635 2210 747 2246 fuerit,
762 2214 842 2240 tunc
858 2210 934 2240 inde
953 2211 1014 2241 fiat
1028 2211 1060 2239 in
1076 2210 1228 2240 Marchia
1242 2221 1304 2250 per
1315 2210 1483 2250 judicium
1501 2209 1638 2250 parium

162 2262 303 2281 suorum
321 2251 361 2281 de
381 2251 585 2281 tenementis
606 2251 728 2291 Anglie
747 2252 934 2282 sec-undum
952 2253 1063 2292 legem
1082 2252 1219 2292 Anglie,
1239 2252 1279 2281 de
1298 2251 1500 2281 tenementis
1517 2250 1639 2280 Wallie

163 2292 350 2322 secundum
371 2293 483 2333 legem
504 2292 637 2328 Wallie,
663 2293 704 2323 de
727 2294 931 2323 tenementis
954 2293 1104 2323 Mal-chio
1127 2293 1310 2323 secundem
1334 2293 1445 2333 legem
1469 2291 1637 2326 Marchie;

162 2333 252 2364 idem
272 2334 396 2364 facient
415 2333 604 2364 Wallenses
625 2334 724 2364 nohis
743 2339 775 2365 et
796 2335 935 2365 nostris.
955 2345 969 2364 »
986 2335 1119 2376 (Comp.
1140 2335 1173 2364 la
1187 2335 1305 2365 charte
1320 2335 1360 2364 de
1376 2334 1465 2371 1215,
1483 2337 1547 2363 art.
1567 2334 1639 2373 56.)

227 2399 233 2405 .
258 2375 336 2405 1297
359 2375 471 2414 ajoute
493 2385 497 2404 :
517 2386 607 2405 suus.

229 2440 234 2446 .
260 2416 350 2446 Dans
373 2417 451 2446 1297
472 2428 477 2447 ;
499 2416 557 2446 vel.

258 2457 348 2487 Dans
366 2458 442 2488 1297
461 2469 466 2488 ;
485 2457 659 2498 theotinga
673 2461 828 2488 teneatur
843 2457 986 2500 integra.

230 2522 236 2527 .
261 2498 351 2528 Dans
370 2499 448 2529 1297
467 2510 472 2529 2
490 2502 567 2529 Nec.

229 2562 235 2569 .
262 2539 339 2569 1297
357 2544 447 2570 omet
466 2551 471 2570 ;
493 2540 608 2571 alicui.

230 2604 235 2610 .
260 2579 358 2610 Illam
375 2581 460 2611 dans
478 2582 653 2623 l'original
673 2582 714 2612 de
732 2582 874 2612 Lacovk.

230 2645 236 2651 .
262 2622 352 2652 Dans
370 2623 448 2653 1217
469 2634 474 2652 z
495 2624 574 2664 (art.
593 2624 644 2665 43)
667 2635 672 2654 :
692 2635 765 2653 eam
784 2623 844 2654 illi.

232 2686 237 2692 .
264 2663 354 2693 Dans
370 2664 447 2694 1217
465 2675 470 2694 z
491 2666 660 2705 receperit.

208 2707 238 2733 9.
265 2707 329 2734 Suo
345 2705 432 2735 omis
450 2705 536 2736 dans
552 2708 642 2736 1297.

210 2745 259 2774 10.
285 2746 376 2775 Dans
395 2747 472 2777 1217
493 2746 571 2787 (art.
590 2747 642 2788 44)
664 2758 670 2777 ;
693 2748 872 2778 consuevit.

211 2787 259 2816 11.
286 2786 331 2817 La
349 2787 394 2817 fin
414 2787 453 2818 de
476 2787 620 2819 l'article
639 2800 786 2830 manqne
807 2789 891 2819 dans
914 2789 990 2820 1217

204 2376 233 2693 ωκῐΰῖίῑῖιῡιῦῡῑῦμό
