1955 3308
319 222 357 251 28
657 220 854 251 CHARTES
879 220 958 252 DES
983 210 1196 250 LIBERTES
1220 220 1460 250 ANGLAISES

320 296 393 337 ille
416 296 761 338 destructionem
787 297 840 338 de
864 296 1064 338 custodia
1087 295 1240 337 fecerit
1263 296 1330 337 vel
1353 305 1536 346 vastum,
1556 313 1635 338 1105
1657 297 1709 338 ab
1731 296 1806 338 illo

321 364 544 421 capiemus
573 364 818 414 emendam,
851 373 893 405 et
923 372 1038 404 terra
1068 365 1365 404 committatur
1393 364 1563 405 duobus
1591 364 1807 422 legalibus

322 440 363 472 et
386 431 588 472 discretis
612 431 867 472 hominibus
893 431 946 471 de
971 430 1098 471 feodo
1122 430 1213 481 illo,
1241 431 1315 487 qui
1338 431 1390 471 de
1414 430 1603 472 exitibus
1629 447 1809 488 respon-

322 499 454 540 deant
482 498 609 539 nobis
636 498 703 539 vel
732 498 769 538 ei
801 497 869 539 cui
897 514 972 539 eos
997 498 1393 554 assignaverimus3
1422 507 1464 539 et
1490 497 1524 539 si
1558 498 1808 539 dederimus

319 566 387 607 vel
408 565 736 606 vendiderimus
762 565 890 606 alicui
916 565 1158 606 custodiam
1181 565 1362 622 alicujus
1388 565 1486 607 talis
1512 574 1644 615 terre,
1673 575 1716 607 et
1736 566 1809 607 ille

323 633 669 675 destructionem
694 633 796 674 inde
823 632 973 673 fecerit
999 632 1064 673 vel
1089 641 1274 683 vastum,
1299 632 1468 674 amittat
1495 634 1634 690 ipsam
1663 641 1810 674 custo-

323 701 455 750 diam,
494 709 536 741 et
568 700 766 741 tradatur
802 700 974 741 duobus
1006 700 1221 757 legalibus
1249 708 1291 740 et
1321 700 1523 741 discretis
1555 700 1810 742 hominibus

323 769 376 809 de
408 768 536 809 feodo
569 768 645 809 illo
674 768 748 825 qui
778 767 981 808 similiter
1008 767 1136 808 nobis
1164 767 1462 824 respondeant
1493 768 1606 809 sicut
1632 768 1810 825 predic-

322 845 414 877 tum
447 843 527 877 est.

383 940 421 981 5.
461 941 619 981 Custos
663 947 830 988 autem,
879 938 1086 995 quamdiu
1137 939 1379 980 custodiam
1422 947 1538 980 terre
1578 939 1807 990 habuerit,

324 1015 542 1049 sustentet
575 1007 746 1058 domos,
788 1022 967 1063 parcos,
1008 1007 1194 1058 vivaria,
1238 1015 1415 1065 stagna,
1461 992 1750 1056 molendina,b
1771 1014 1814 1048 et

323 1084 467 1116 cetera
502 1075 554 1114 ad
587 1073 894 1114 terramillam
923 1075 1212 1130 pertinencia,
1243 1074 1296 1114 de
1329 1073 1519 1115 exitibus
1546 1082 1662 1115 terre
1696 1075 1812 1129 ejus-

324 1144 444 1193 dem3
477 1151 518 1182 et
548 1141 704 1182 reddat
732 1141 901 1190 heredi,
934 1157 1030 1182 eum
1065 1142 1117 1182 ad
1146 1141 1319 1198 plenam
1351 1150 1510 1182 etatem
1542 1142 1808 1198 pervenerit,

323 1220 483 1252 terram
523 1226 643 1250 suam
681 1218 816 1249 totam
852 1209 1136 1250 instauratam
1174 1210 1227 1250 de
1265 1208 1433 1250 earucis
1472 1219 1510 1249 et
1543 1213 1810 1267 maynagiis,

323 1278 556 1319 secandum
611 1277 727 1334 qnod
769 1286 937 1334 tempus
987 1280 1214 1335 tz’ayteagz'l'
1253 1280 1393 1335 eriget
1435 1287 1474 1318 et
1515 1281 1656 1318 avitus
1701 1287 1814 1317 terre

325 1346 656 1386 racionabiliter
671 1354 880 1402 poterunt
905 1349 1137 1385 sustinere.

383 1438 424 1479 6.
463 1439 656 1479 Heredes
685 1439 945 1480 maritentur
972 1439 1137 1496 absque
1166 1438 1544 1497 disparagacione,
1577 1441 1634 1479 ita
1666 1448 1810 1478 tamen

329 1507 458 1564 qnod,
487 1516 720 1564 antequam
746 1507 1036 1547 contrahatur
1060 1510 1401 1556 matrimonium,
1431 1507 1685 1547 ostendatur
1701 1522 1808 1562 pro-

326 1576 502 1632 pinquis
524 1575 574 1614 de
596 1576 976 1631 consanguinitate
1000 1576 1135 1631 ipsius
1160 1574 1345 1614 heredis.

388 1669 427 1710 7.
465 1669 603 1711 Vidua
640 1678 739 1726 post
770 1677 953 1709 mortem
988 1668 1129 1709 mariti
1162 1668 1225 1709 sui
1256 1669 1401 1709 statim
1433 1676 1475 1709 et
1505 1667 1598 1708 sine
1627 1667 1814 1708 difficul-

327 1745 415 1777 tate
446 1738 607 1777 habeat
642 1736 918 1793 maritagium
955 1745 996 1777 et
1030 1737 1319 1777 hereditatem
1355 1752 1491 1785 suam,
1533 1751 1611 1776 nec
1648 1734 1814 1791 aliquid

328 1804 402 1845 det
426 1820 505 1861 pro
532 1803 632 1845 dote
659 1821 748 1854 sua,
777 1804 843 1844 vel
871 1820 950 1861 pro
976 1803 1203 1861 maritagio
1234 1820 1325 1855 suo,
1355 1803 1420 1844 vel
1446 1802 1690 1843 hereditate
1721 1818 1812 1852 sna,

329 1887 458 1928 quam
484 1872 775 1913 hereditatem
799 1872 979 1912 maritus
1008 1888 1109 1912 suus
1138 1880 1181 1912 et
1205 1872 1297 1928 ipsa
1324 1871 1549 1912 tenuerint
1574 1870 1643 1910 die
1669 1870 1814 1910 obitus

328 1939 466 1996 ipsius
491 1940 648 1989 mariti,
677 1949 720 1980 et
742 1948 913 1979 maneat
937 1940 977 1979 in
1005 1940 1136 1979 domo
1163 1939 1304 1979 mariti
1332 1938 1396 1979 sui
1424 1954 1502 1995 per
1525 1936 1814 1994 quadraginta

330 2006 423 2048 dies
446 2016 545 2064 post
569 2015 751 2047 mortem
776 2007 932 2063 ipsius,
962 2006 1070 2047 infra
1091 2022 1201 2062 quos
1227 2005 1475 2062 assignetur
1497 2005 1534 2045 ei
1559 2005 1637 2045 dos
1662 2020 1751 2045 sua.

386 2111 429 2153 8.
465 2112 593 2154 Nulla
642 2112 769 2153 vidua
820 2112 1112 2169 distringatur
1158 2112 1210 2152 ad
1258 2128 1302 2151 se
1350 2111 1663 2159 maritandum,
1711 2109 1813 2150 dum

328 2180 514 2221 voluerit
549 2181 692 2220 vivere
732 2181 826 2220 sine
867 2179 1044 2229 marito,
1085 2179 1141 2219 ita
1185 2188 1327 2219 tamen
1373 2178 1491 2234 quod
1538 2177 1815 2218 securitatem

329 2247 457 2288 saciat
479 2248 595 2304 quod
620 2264 663 2288 se
687 2263 773 2287 non
799 2246 1020 2287 maritabit
1043 2235 1136 2287 sine
1161 2262 1341 2286 assensu
1366 2254 1532 2294 nostrO,
1553 2245 1587 2285 si
1610 2244 1663 2284 de
1686 2243 1814 2284 nobis

327 2314 534 2363 tenuerit,
565 2315 631 2355 vel
655 2315 747 2355 sine
775 2330 956 2354 assensu
979 2313 1144 2354 domini
1175 2314 1238 2354 sui
1268 2313 1321 2353 de
1351 2328 1436 2369 quo
1464 2311 1668 2361 tenuerit,
1702 2311 1733 2350 si
1761 2310 1814 2350 de

330 2383 412 2424 alio
440 2382 648 2423 tenuerit.

387 2476 428 2518 9.
466 2478 555 2518 Nec
590 2493 667 2517 nos
705 2493 783 2517 nec
818 2475 965 2517 ballivi
998 2475 1137 2516 nostri
1170 2475 1397 2516 seisiemus
1430 2482 1590 2514 terram
1626 2472 1814 2528 aliquam

330 2560 409 2585 nec
441 2544 659 2585 redditum
693 2559 771 2600 pro
804 2543 955 2584 debito
985 2544 1146 2600 aliquo,
1181 2540 1385 2598 quamdiu
1420 2540 1572 2581 catalla
1600 2538 1813 2580 debitoris

330 2611 551 2653 sufficiunt
574 2612 625 2652 ad
645 2611 841 2652 debitum
861 2611 1134 2652 reddendum
1153 2628 1162 2659 3
1185 2626 1264 2650 nee
1284 2609 1420 2666 plegii
1439 2608 1576 2664 ipsius
1599 2606 1813 2648 debitoris

329 2679 652 2737 distringantur
673 2679 880 2735 quamdiu
908 2679 1000 2734 ipse
1025 2676 1225 2734 capitalis
1244 2675 1417 2717 debitor
1441 2674 1601 2715 suffieit
1626 2675 1678 2714 ad
1701 2673 1812 2714 solu-

330 2747 500 2787 cionem
525 2745 689 2794 debiti3
721 2754 763 2786 et
791 2747 825 2786 si
852 2745 1051 2802 capitalis
1078 2744 1255 2785 debitor
1280 2743 1491 2784 defecerit
1521 2741 1562 2782 in
1591 2739 1814 2782 solucione
