1955 3308
316 242 397 264 vax
893 231 1222 262 INTRODUCTION

318 308 351 355 il
393 309 608 372 charges
647 326 713 355 un
757 310 941 355 comite
988 308 1049 354 de
1093 310 1119 354 3
1163 312 1396 371 effi-eques,
1444 309 1470 353 3
1514 316 1707 353 comtes
1746 317 1797 354 et

318 481 474 526 propria
499 481 699 514 voluntate.
722 492 791 525 pro
816 479 925 512 nobis
946 487 983 512 et
1003 479 1208 513 heredibus
1230 479 1385 519 nostris⁷
1409 480 1508 525 quod
1529 479 1664 523 Magna
1684 478 1797 511 Carta

319 539 364 571 de
385 536 625 570 libertatibus
647 535 870 569 observetur
890 535 925 568 in
947 535 1120 568 omnibus
1138 535 1286 580 punctis
1309 535 1402 575 suis⁷
1427 542 1462 568 et
1486 535 1660 568 similiter
1682 534 1797 567 Carta

291 592 294 595 ’
320 594 365 627 de
383 594 523 626 foresta
543 599 724 627 servetur.
746 591 996 640 salvi‘sbtamen
1008 591 1219 636 juramento
1239 592 1479 637 nostro‚jure
1499 603 1634 640 corogf
1654 596 1794 637 ssOSjlij

321 656 355 683 et
376 648 590 682 racionibus
612 637 956 681 nostrisTn—c‘eciam
981 647 1161 686 aliorum;
1184 659 1255 694 que
1281 647 1430 693 quidem
1456 660 1524 693 per
1546 636 1795 680 vene—rabilem

320 712 462 751 patrem
495 706 538 737 R.
573 704 899 749 archiepiscopum
929 703 1129 737 Cantuarie
1161 716 1204 736 ex
1236 710 1341 749 parte
1375 710 1503 737 nostra
1535 710 1571 736 et
1605 703 1640 736 in
1670 708 1798 736 nostra

321 761 514 807 presencia
541 767 624 793 tunc
646 760 886 805 pronunciari
908 759 1085 797 fecimus;
1109 766 1145 792 et
1163 759 1297 793 deinde
1321 760 1418 805 apud
1442 759 1634 797 Odimere,
1655 759 1690 791 in
1714 759 1797 804 ipso

321 817 498 863 passagio
516 823 646 849 nostro
668 815 704 848 in
724 815 936 848 Flandrian]
954 816 1109 848 eandem
1130 815 1409 849 concessionem
1432 814 1502 848 sub
1523 815 1649 860 sigillo
1667 821 1798 848 nostro

321 873 515 907 observari
543 872 786 917 precipiendo
811 871 1064 904 mandavimus
1093 878 1128 904 et
1156 871 1274 905 teneri
1296 884 1364 916 per
1388 878 1506 905 totum
1529 883 1686 916 regnum
1710 883 1798 904 nos-

321 936 419 963 trum
439 930 475 962 in
497 928 666 975 quolibet
685 928 874 961 comitatu.
893 928 938 961 Et
957 928 1043 973 quia
1063 940 1081 960 a
1103 934 1270 973 tempore
1290 927 1355 961 illo
1375 927 1467 960 citra
1483 940 1552 972 per
1574 926 1798 960 artacionem

321 993 357 1019 et
378 985 657 1019 districcionem
679 996 899 1029 guerrarum
925 996 1073 1017 eramus
1099 984 1269 1029 occupati
1295 983 1554 1028 multipliciter
1574 989 1609 1016 et
1628 982 1799 1016 distracti

322 1042 357 1075 in
375 1041 535 1075 diversis
555 1040 689 1086 patriis
705 1046 741 1073 et
758 1040 986 1086 longinquis5
1004 1046 1161 1085 propter
1179 1040 1278 1086 quod
1299 1040 1395 1072 scire
1414 1039 1646 1085 nequivimus
1664 1045 1800 1072 statum

322 1098 427 1143 regni
454 1097 588 1136 nostri,
615 1109 695 1135 nos,
724 1095 857 1129 diebus
882 1096 966 1129 istis
995 1103 1176 1142 quatenus
1203 1095 1311 1129 nohis
1338 1102 1453 1133 vacat,
1484 1102 1650 1129 nostram
1682 1095 1800 1128 conti-

321 1160 477 1187 nuantes
506 1152 723 1198 primariam
750 1151 989 1187 voluntatem.
1017 1151 1216 1184 habuimus
1235 1151 1550 1184 deliberacionem
1573 1163 1688 1196 super
1713 1163 1800 1184 con-

323 1210 492 1243 cessione
511 1215 640 1242 nostra
657 1208 845 1253 predicta;
864 1214 912 1247 et,
932 1208 976 1240 ad
998 1207 1179 1241 honorem
1195 1208 1263 1240 Dei
1280 1214 1315 1240 et
1337 1214 1461 1240 sancte
1484 1208 1613 1240 matris
1632 1206 1800 1240 Ecclesie

323 1279 363 1299 ac
397 1266 630 1299 commodum
662 1265 783 1298 tocius
816 1264 946 1309 populi
981 1264 1085 1309 regni
1120 1264 1259 1298 nostri.
1293 1264 1464 1297 volumus
1497 1264 1596 1309 quod
1632 1263 1800 1308 predicta

324 1323 457 1368 Magna
485 1322 597 1354 Carta
622 1322 667 1354 de
691 1320 932 1353 libertatibus
957 1320 1180 1353 observetur
1204 1320 1239 1352 in
1265 1319 1438 1353 omnibus
1466 1320 1613 1365 punctis
1643 1320 1736 1358 suis,
1766 1326 1801 1352 et

323 1386 424 1412 carta
442 1378 557 1412 eciam
576 1378 621 1410 de
641 1378 810 1415 Foresta,
826 1377 1030 1409 secundum
1047 1375 1284 1421 subscriptos
1305 1375 1484 1409 articulos
1501 1377 1563 1422 qui
1582 1382 1667 1409 sunt
1682 1376 1798 1409 tales:

370 1436 422 1468 Le
442 1440 555 1467 statut
573 1433 767 1478 reproduit
788 1432 887 1465 alors
907 1432 1191 1477 integralement
1206 1432 1238 1464 la
1262 1432 1388 1465 charte
1408 1433 1452 1465 de
1472 1432 1504 1465 la
1523 1433 1619 1466 foret
1638 1432 1799 1478 depuis:

326 1505 340 1522 «
362 1490 565 1536 Inquisicio
582 1489 637 1522 vel
658 1489 760 1522 visus
782 1490 827 1521 de
850 1488 1130 1534 expeditacione
1151 1501 1280 1521 canum
1301 1502 1315 1520 »
1341 1488 1562 1535 .....jusqu'ii
1586 1502 1592 1521 :
1615 1502 1629 1521 «
1652 1501 1803 1534 presen-

324 1554 447 1580 tentur
471 1546 620 1592 capitali
641 1545 842 1579 forestario
868 1552 997 1578 nostro
1023 1557 1105 1578 cum
1126 1545 1161 1577 in
1182 1550 1310 1590 partes
1336 1544 1419 1577 illas
1446 1545 1587 1578 venerit
1609 1546 1652 1577 ad
1676 1551 1803 1577 tenen-

324 1604 410 1636 dum
428 1603 564 1648 placita
585 1603 739 1639 foreste,
763 1607 799 1634 et
819 1613 943 1634 coram
963 1613 1006 1634 eo
1026 1601 1283 1634 terminentur.
1310 1614 1324 1632 ›>

369 1659 422 1691 Le
442 1665 556 1691 statut
576 1659 736 1704 reprend
756 1657 856 1690 alors
881 1664 915 1690 et
935 1657 1105 1690 continue
1126 1656 1219 1689 ainsi
1242 1670 1248 1688 :

371 1716 476 1755 Quos
496 1721 617 1747 autem
639 1713 817 1747 articulos
841 1713 1123 1758 suprascriptos
1146 1712 1304 1745 firmiter
1325 1719 1361 1745 et
1381 1712 1650 1746 inviolabiliter
1667 1712 1801 1746 obser-

323 1771 400 1804 vari
422 1771 592 1804 volumus
616 1778 649 1804 et
671 1770 802 1808 teneri,
824 1769 989 1802 volentes
1011 1769 1275 1802 nichilominus
1299 1770 1397 1815 quod
1420 1768 1694 1814 perambulatio
1718 1770 1802 1808 fiat;

325 1826 436 1859 salvis
468 1839 617 1871 semper
643 1826 854 1870 juramento
887 1832 1037 1864 nostro,
1065 1826 1148 1869 jure
1181 1837 1316 1858 corone
1347 1831 1488 1858 nostre.
1522 1831 1556 1858 et
1589 1824 1804 1858 racionibus

324 1882 464 1915 nostris
490 1889 599 1928 atque
622 1882 843 1927 calumpniis
866 1894 905 1914 ac
929 1881 1093 1915 omnium
1118 1881 1298 1919 alio1·um;
1325 1881 1374 1914 ita
1402 1881 1502 1926 quod
1528 1880 1804 1926 pei-ambulatio

324 1938 387 1971 illa
412 1938 520 1971 nobis
544 1945 760 1984 reportetur
781 1945 977 1983 antequam
1003 1937 1127 1983 aliqua
1151 1937 1325 1970 execucio
1346 1937 1401 1970 vel
1429 1936 1570 1983 aliquid
1596 1936 1695 1970 aliud
1719 1937 1804 1970 inde

324 1995 409 2033 fiat;
433 2007 542 2040 quam
567 1995 718 2040 quidem
742 1993 1109 2039 perambulaciouem
1130 1993 1300 2026 volumus
1326 1993 1424 2038 quod
1451 1993 1528 2031 fiat,
1557 1993 1653 2025 sicut
1676 1993 1805 2038 predi-

325 2050 433 2089 citur,
461 2052 504 2083 ad
534 2051 648 2083 cicius
674 2051 772 2096 quod
800 2050 882 2083 fieri
908 2049 1060 2095 poterit,
1090 2056 1177 2094 post
1203 2050 1359 2094 negocia
1386 2061 1457 2094 que
1485 2048 1664 2082 habemus
1692 2061 1805 2094 expe-

325 2106 458 2139 dienda
485 2118 565 2139 cum
591 2106 734 2139 nunciis
758 2106 820 2151 qui
847 2106 893 2138 de
915 2107 1080 2138 Romana
1105 2105 1206 2138 curia
1234 2112 1319 2138 sunt
1347 2105 1513 2144 venturi;
1543 2117 1614 2150 que
1641 2116 1728 2138 vero
1755 2105 1804 2137 ita

325 2169 410 2195 sunt
431 2163 560 2201 ardua,
581 2162 680 2207 quod
703 2174 774 2195 nou
793 2161 914 2194 solum
936 2174 1002 2194 nos
1022 2167 1058 2193 et
1079 2173 1233 2206 regnum
1256 2167 1438 2195 nostrum.
1460 2166 1517 2193 set
1535 2166 1649 2194 totam
1671 2160 1805 2193 Chris-

324 2218 529 2251 tianitatem
557 2218 786 2263 contingunt,
817 2224 851 2250 et
880 2218 924 2250 ad
953 2230 993 2249 ea
1023 2217 1148 2250 sanius
1178 2218 1438 2262 pertractanda
1466 2223 1583 2250 totum
1609 2217 1804 2250 consilium

324 2281 493 2307 nostrum
512 2273 650 2307 habere
672 2273 839 2318 plenarie
861 2273 1086 2318 indigemus.

372 2331 417 2363 Et
441 2337 569 2375 preter
593 2330 872 2363 concessionem
896 2336 1076 2368 nostram,
1103 2329 1235 2362 factam
1260 2329 1355 2362 sicut
1383 2329 1558 2374 superius
1583 2329 1806 2374 exprimitur

326 2387 371 2418 de
394 2385 606 2431 premissis,
631 2385 802 2431 diligenti
824 2384 1070 2418 meditacione
1096 2385 1334 2429 pensavimus
1361 2385 1542 2430 quosdam
1561 2384 1658 2428 juris
1681 2385 1806 2418 defec-

327 2449 399 2480 tus,
427 2442 643 2475 multimoda
672 2441 885 2486 gravamina
911 2447 945 2473 et
973 2441 1244 2486 oppressiones
1270 2453 1341 2486 que
1368 2439 1542 2485 pluribus
1571 2440 1655 2473 aliis
1685 2441 1807 2474 modis

328 2498 472 2543 prefato
500 2497 640 2542 populo
670 2504 754 2530 sunt
783 2497 884 2530 illata
913 2496 1147 2542 temporibus
1177 2496 1399 2535 retroactis;
1431 2503 1463 2529 et
1494 2496 1663 2530 volumus
1695 2509 1809 2542 super

328 2554 403 2586 illis
428 2567 499 2599 que
522 2553 630 2586 nobis
653 2553 898 2586 occurrebant
922 2554 966 2585 ad
990 2565 1160 2598 presens,
1188 2553 1232 2585 ad
1257 2552 1519 2586 allevacionem
1543 2559 1578 2585 et
1602 2553 1808 2587 commodi-

330 2616 439 2643 tatem
472 2610 638 2654 ejusden]
673 2609 816 2654 populi.
850 2621 918 2654 pro
953 2609 1048 2654 legis
1080 2609 1303 2642 certitudine
1335 2608 1505 2641 stabilire
1537 2616 1572 2642 et
1602 2610 1808 2643 remedium

330 2678 518 2711 apponere
541 2666 575 2698 in
597 2666 690 2698 hunc
710 2666 872 2699 modum.

378 2722 459 2756 Suit
477 2722 510 2754 la
529 2722 688 2755 seconde
707 2721 827 2766 partie
846 2722 895 2754 du
915 2728 1043 2760 statut,
1063 2721 1081 2754 a
1097 2721 1257 2767 laquelle
1274 2721 1376 2754 seule
1397 2720 1565 2754 convient
1584 2721 1616 2754 le
1636 2721 1721 2755 titre
1737 2733 1808 2767 que

328 2778 384 2813 les
411 2779 577 2812 editeurs
600 2779 798 2811 modernos
820 2777 871 2810 lui
893 2784 955 2811 ont
982 2778 1102 2811 donne
1131 2778 1176 2810 de
1206 2780 1393 2811 Statutum
1421 2776 1466 2811 de
1492 2777 1633 2823 finibus
1662 2777 1806 2812 levatis.

1954 890 1955 893 „
1948 850 1955 862 *J
1948 722 1955 814 ΔΑΝΛ
1943 682 1955 710 -.'.
1945 512 1955 656 Qd-⁴-A

1945 2948 1955 3029 “su-*-
1945 2695 1955 2932 -ss.—52..⁴—.-„-..-
1951 2636 1955 2672 .„<
1951 2584 1955 2605 „.
1952 2541 1955 2547 .
