1955 3308
511 182 552 211 11.
577 198 617 204 —
640 180 812 211 CHARTE
837 178 895 209 DU
919 178 991 209 ROI
1015 168 1205 208 ssTIENNE
1577 173 1596 202 9

117 262 171 302 ab
208 259 465 302 Innocentio
494 265 641 298 sancte
670 271 844 297 romane
878 254 994 296 sedis
1029 253 1236 308 pontifice
1271 249 1594 298 confirmatus¹‚

119 336 321 384 respectu
367 334 409 366 et
451 341 596 366 amore
642 324 722 364 Dei
765 330 958 363 sanctam
1002 320 1230 361 ecclesiam
1276 318 1458 358 liberam
1502 332 1597 356 esse

120 394 314 436 concedo
331 427 339 443 ,
363 401 406 434 et
431 392 622 433 debitam
646 389 933 431 reverentiam
957 387 1019 428 illi
1043 386 1270 427 confirmo.
1293 382 1437 426 Nichil
1462 398 1527 423 me
1554 383 1596 422 iu

120 462 303 503 ecclesia
330 460 396 501 vel
424 460 555 499 rebus
583 456 894 499 ecclesiasticis
921 455 1158 495 simoniace
1184 461 1379 493 acturum
1406 450 1472 491 vel
1500 465 1599 506 per-

121 532 355 572 missurum
391 546 486 570 esse
522 527 744 585 promitto.
789 524 1194 566 Ecclesiasticarum
1232 536 1519 579 personarum
1559 527 1601 559 ct

122 597 313 639 omnium
333 597 592 638 clericorum
613 604 655 636 et
676 611 818 636 rerum
843 609 991 634 eorum
1009 591 1230 648 justiciam
1250 600 1292 630 et
1320 596 1598 646 potestatem,

119 674 164 722 et
179 664 535 705 distributionem
558 664 775 703 honorum
799 660 1195 702 ecclesiasticorum
1224 657 1266 697 in
1289 672 1414 696 mauu
1437 654 1603 711 episco-

123 747 278 789 porum
315 747 408 771 esse
444 731 655 787 perhibeo
694 738 735 770 et
767 728 993 769 confirmo.
1031 727 1278 783 Dignitates
1317 723 1602 764 ecclesiarum

123 797 364 856 privilegiis
391 814 536 838 earum
567 796 843 838 confirmatas
875 803 917 835 et
944 792 1286 835 consuetudines
1315 806 1461 830 earum
1491 789 1603 829 anti-

125 882 210 922 quo
249 874 400 906 tenore
442 865 614 905 habitas
656 863 862 904 inviolate
909 877 1081 902 manere
1124 867 1266 900 statuo
1310 866 1351 898 et
1388 856 1597 897 concedo.

125 934 288 974 Omnes
323 932 607 973 ecclesiarum
642 930 945 987 possessiones
976 938 1016 968 ct
1046 936 1246 974 tenui-ns,
1279 941 1385 981 quas
1423 923 1492 963 die
1530 922 1598 962 illa

125 1000 374 1040 habuerunt
415 1015 497 1054 qua
537 998 786 1041 XYillelmus
829 1013 900 1037 rex
951 1012 1052 1035 avus
1101 1010 1219 1034 incus
1271 992 1349 1033 suit
1396 991 1516 1032 vivus
1564 998 1605 1030 et

129 1075 342 1115 mortuus,
368 1066 460 1106 sine
486 1065 603 1106 omni
630 1064 1018 1121 calumpniamium
1053 1060 1385 1108 reclamatione,
1415 1058 1475 1098 cis
1504 1058 1608 1097 libe-

131 1149 197 1174 ras
229 1142 271 1174 et
298 1134 519 1174 absolutas
551 1150 645 1173 esse
674 1131 883 1173 concedo.
918 1130 961 1170 si
995 1129 1099 1185 qnid
1131 1144 1231 1168 vero
1260 1128 1313 1167 dc
1346 1126 1508 1166 habitis
1538 1124 1605 1164 vel

132 1202 347 1257 possessis
378 1209 476 1241 ante
507 1209 687 1240 mortem
722 1198 917 1255 ejusdcm
950 1198 1063 1254 regis
1096 1197 1256 1252 quibus
1286 1194 1413 1234 modo
1442 1200 1606 1238 carcat,

133 1268 314 1308 ecclesia
355 1268 563 1323 deinceps
604 1266 852 1323 repetierit,
895 1263 1167 1320 indulgentie
1208 1270 1250 1302 ct,
1289 1259 1610 1316 dispensationi

135 1351 227 1376 mee
247 1335 312 1375 vel
335 1334 651 1375 restituendum
679 1335 743 1374 vel
769 1331 1095 1373 discutiendum
1127 1345 1313 1369 reservo.
1340 1334 1610 1382 Quocunque

132 1418 231 1443 vero
262 1410 361 1458 post
392 1411 572 1442 mortem
601 1401 738 1457 ipsius
769 1401 883 1456 regis
909 1397 1171 1439 liberalitate
1198 1412 1348 1452 regum
1380 1395 1444 1434 vel
1474 1392 1610 1449 largi-

132 1470 252 1510 tione
279 1469 550 1525 principum,
582 1468 804 1508 oblatione
839 1467 904 1506 vel
940 1465 1288 1521 comparatione,
1317 1463 1380 1501 vel
1416 1461 1611 1517 qualibet

133 1537 497 1577 transmutatione
521 1535 713 1576 fidelium
734 1535 796 1574 cis
817 1534 971 1574 collata
995 1540 1093 1572 sunt
1109 1565 1117 1580 ,
1143 1533 1367 1571 contii-1110.
1394 1531 1548 1569 Pacem
1572 1535 1613 1567 et

130 1603 351 1659 justiciam
372 1620 437 1643 me
462 1603 504 1643 in
526 1602 731 1643 omnibus
756 1601 966 1641 facturum
994 1608 1037 1639 et
1062 1614 1140 1655 pro
1167 1614 1296 1654 posse
1324 1612 1417 1636 meo
1440 1610 1614 1637 conser-

135 1679 332 1711 vaturum
356 1671 417 1710 eis
446 1669 672 1726 promitto.

195 1740 397 1779 Forestas
431 1753 537 1792 quas
565 1736 815 1780 NVillelmus
849 1751 950 1775 avus
981 1750 1100 1774 meus
1130 1741 1173 1773 et
1206 1731 1456 1775 XYillclmus
1484 1745 1618 1770 avun-

140 1805 261 1845 culus
287 1820 405 1844 meus
434 1804 719 1844 instituerunt
745 1811 787 1843 et
814 1803 1064 1846 habuerunt
1089 1800 1194 1840 mihi
1223 1815 1410 1840 reservo.
1438 1800 1615 1839 Ceteras

141 1887 290 1912 omnes
328 1887 433 1926 quas
467 1887 539 1911 rex
572 1871 786 1911 Henricus
812 1868 1134 1925 superaddidit,
1175 1867 1374 1908 ecclesiis
1407 1874 1451 1906 ct
1481 1880 1618 1922 reguo

142 1940 311 1995 quietas
336 1938 473 1978 reddo
497 1946 538 1978 et
563 1937 772 1978 concedo.

201 2005 246 2046 Si
272 2006 368 2061 quis
396 2004 629 2061 episcopus
656 2004 722 2044 vel
748 2004 881 2043 abbas
906 2003 971 2043 vel
997 2002 1078 2042 alia
1105 2000 1403 2042 ecclesiastiea
1432 2014 1620 2055 persona

142 2081 241 2112 ante
270 2080 452 2112 mortem
480 2086 597 2111 suam
626 2069 948 2111 rationabiliter
976 2085 1048 2109 sua
1082 2067 1360 2109 distribuerit
1382 2066 1447 2107 vel
1477 2064 1620 2106 distri-

142 2139 314 2179 buenda
353 2138 574 2187 statuerit,
618 2137 787 2177 firmum
818 2152 992 2177 manere
1025 2135 1235 2176 concedo.
1272 2134 1317 2176 Si
1346 2149 1448 2175 vero
1483 2141 1622 2173 morte

143 2214 463 2262 preoccupatus
489 2205 633 2253 fuerit,
658 2220 738 2261 pro
761 2204 898 2245 salute
922 2204 1063 2244 anime
1085 2204 1194 2258 ejuS‚
1214 2202 1398 2243 ecclesie
1418 2199 1618 2249 consilio,

144 2273 294 2313 eadem
318 2272 390 2312 fiat
420 2272 691 2313 distributio.
723 2273 835 2311 Dum
866 2287 968 2312 vero
991 2270 1116 2311 sedes
1150 2269 1342 2326 propriis
1371 2268 1624 2325 pastoribus

145 2355 275 2380 vacue
297 2339 473 2389 fuerint,
494 2339 610 2395 ipsas
630 2347 672 2380 et
694 2355 842 2379 earum
860 2337 1162 2394 possessiones
1186 2352 1336 2377 omnes
1359 2337 1402 2376 in
1429 2350 1559 2375 manu
1585 2342 1626 2374 et

653 2424 1614 2433 Μ

187 2466 214 2496 1.
241 2467 286 2496 La
305 2466 398 2496 bulte
416 2467 614 2496 d'Innoccnt
632 2467 673 2501 ΙΙ,
694 2469 712 2495 ἐι
732 2466 880 2506 laquelle
900 2466 922 2494 il
939 2470 990 2494 est
1014 2465 1073 2494 fait
1092 2464 1241 2494 allusion
1263 2464 1317 2498 ici,
1337 2468 1388 2492 est
1410 2462 1624 2492 mentionnoeie

146 2507 232 2536 dans
255 2507 570 2537 Jaffii-Loewenfeld
596 2508 749 2548 (Hegesia
768 2506 966 2546 pontificum
987 2516 1212 2540 romanorum,
1236 2506 1266 2534 2⁰
1289 2505 1386 2544 adit.)
1411 2515 1454 2533 au
1478 2509 1512 2532 n⁰
1533 2504 1623 2538 7804,

147 2548 282 2587 d'apr'es
301 2548 334 2577 la
351 2549 446 2588 copie
465 2549 521 2589 qui
542 2560 576 2577 sc
597 2553 716 2578 trouve
735 2549 820 2577 dans
844 2548 875 2576 la
894 2547 1081 2587 chronique
1103 2547 1143 2575 de
1161 2546 1309 2576 Rich-ard
1329 2546 1369 2575 de
1391 2545 1541 2574 Hexham
1560 2544 1625 2583 (ed.

149 2589 312 2620 Howlott.
331 2599 365 2629 p.
386 2589 478 2630 147);
501 2590 564 2619 elle
591 2590 676 2619 n’osti
698 2600 759 2629 pas
782 2589 890 2618 dame.
914 2589 1022 2628 Apres
1048 2588 1170 2627 l'eloge
1191 2588 1231 2616 do
1256 2587 1357 2616 llcnri
1379 2588 1428 2618 1··““,
1449 2586 1514 2615 elle
1530 2585 1626 2624 parle

148 2629 188 2657 de
203 2629 357 2675 *troubles
376 2631 433 2670 qui
451 2631 661 2667 menacaient
676 2631 705 2660 lc
725 2640 887 2669 royaume
901 2629 1016 2669 quand
1035 2629 1123 2658 enfin
1145 2640 1200 2658 «...
1222 2628 1359 2657 divinae
1373 2626 1548 2656 miseratio
1560 2625 1628 2665 pie—

150 2674 282 2700 tati-z...
308 2672 477 2700 communi
513 2676 590 2701 voto
621 2675 653 2701 et
685 2671 838 2700 unanimi
870 2681 1039 2699 consensu
1068 2674 1135 2699 tam
1168 2680 1348 2709 procerum
1389 2678 1491 2707 qnam
1524 2667 1626 2696 etiam

147 2711 267 2752 populi
286 2715 317 2741 te
334 2711 368 2741 in
389 2723 506 2753 regem
523 2713 650 2753 eligere
668 2717 700 2742 et.
719 2723 737 2742 a
756 2712 956 2752 presulibus
973 2711 1070 2751 regni
1088 2710 1282 2740 consecrari
1306 2708 1496 2750 providit..⁴
1518 2720 1532 2736 »
