1955 3308
375 227 413 258 14
715 226 912 258 CHARTES
937 227 1017 258 DES
1042 216 1255 257 LIBERTES
1279 225 1519 258 ANGLAISES

373 305 564 345 habeant
597 312 639 345 et
673 311 852 345 teneant
884 304 1023 345 libere
1061 312 1103 345 et
1133 303 1302 361 quiete,
1338 304 1451 345 bene
1485 311 1529 344 et
1563 302 1608 344 in
1646 319 1775 360 pace,
1815 312 1859 345 et

373 371 567 429 integre,
601 371 654 412 de
687 387 755 412 me
785 379 828 412 et
857 371 1095 412 heredibus
1125 372 1249 421 meis,
1284 370 1367 412 sibi
1399 379 1441 412 et
1470 370 1707 412 heredibus
1743 371 1854 421 suis,

373 439 481 480 adeo
517 438 676 488 libere,
716 446 759 479 et
790 439 958 495 quiete,
999 446 1041 479 et
1072 437 1267 494 plenarie
1302 437 1346 478 in
1380 438 1606 488 omnibus,
1635 438 1747 478 sicut
1779 454 1856 479 rex

374 505 587 547 Henrieus
621 521 723 546 avus
761 522 882 546 meus
919 506 980 546 eis
1014 505 1159 556 dedit,
1196 513 1239 546 et
1271 505 1510 555 concessit,
1551 513 1593 545 et
1626 513 1742 546 carta
1775 520 1850 545 sua

373 573 658 615 confirmavit.
710 575 840 614 Teste
879 573 1069 615 Ricardo
1115 572 1168 613 de
1209 573 1338 614 Luci¹
1388 572 1503 629 apud
1550 574 1855 616 westmonas-

373 649 543 682 tenum.

414 787 442 816 1.
468 786 617 816 Richard
641 786 680 816 dc
703 787 805 826 Lucy
832 797 933 826 apres
964 786 1060 815 avoii
1087 787 1138 815 ete
1165 796 1211 815 un
1236 785 1302 815 bon
1329 785 1498 814 servitem
1525 785 1565 814 de
1590 785 1693 814 Henli
1722 786 1746 821 Ι
1775 785 1853 825 puis

372 827 403 857 d
407 828 561 863 Etienne
579 838 684 868 passa
703 838 745 857 au
765 838 894 857 servlce
912 827 953 857 de
971 827 1135 856 Mathilde
1154 831 1187 856 et
1204 826 1244 855 de
1266 826 1369 855 Henli
1392 827 1431 855 II.
1456 826 1538 855 Lors
1557 826 1603 855 du
1624 826 1723 856 traite
1736 826 1856 855 conclu

373 873 468 899 entre
486 869 628 899 Etienne
653 873 685 898 et
708 869 823 904 Helui,
844 879 885 898 on
910 868 958 897 lui
980 868 1090 897 confla
1111 868 1144 897 la
1166 867 1272 907 garde
1297 867 1337 896 de
1360 867 1394 896 1·«1
1416 867 1507 896 Tour
1528 867 1568 896 de
1589 867 1740 896 Londrcs
1760 871 1792 897 et
1812 867 1856 896 du

372 910 423 939 ch
418 913 517 939 nteau
536 910 575 939 de
591 911 628 939 W
632 910 815 943 inchester,
832 921 850 939 a
865 909 1038 938 condition
1055 909 1095 938 de
1114 909 1162 938 les
1181 908 1304 938 lendre
1325 911 1344 937 ἐι
1362 908 1465 937 Henri
1485 908 1532 937 Pl
1527 912 1722 948 antagonet
1742 907 1856 948 quand

373 951 513 989 celui—ei
545 952 650 981 εθιαίῐ
675 951 806 980 devenu
843 951 905 980 ιοί.
942 951 969 980 11
1001 950 1085 979 e‘tait
1110 949 1269 989 justiciei
1302 949 1537 988 d'AngIeterre
1571 954 1674 978 avant
1706 950 1739 978 la
1769 953 1859 978 mort

372 992 559 1025 d'Etienne.
583 997 615 1021 ct
638 1003 767 1032 occupa
796 993 826 1022 le
854 994 961 1021 meme
984 991 1081 1021 office
1100 993 1225 1031 aupres
1253 991 1292 1020 de
1318 990 1423 1020 Henri
1448 991 1477 1020 ΙΙ
1502 990 1654 1030 pendant
1678 991 1715 1020 25
1733 1001 1807 1019 ans.
1827 990 1854 1019 Il

374 1038 512 1063 mourut
528 1044 569 1064 en
588 1034 678 1063 1179.
