1955 3308
337 209 374 237 74
673 207 868 239 CHARTES
894 208 974 238 DES
999 199 1210 239 LIBERTES
1234 207 1471 239 ANGLAISES

337 301 411 326 seu
449 283 734 326 conficiendis
771 285 886 326 aliud
923 286 990 327 vel
1035 285 1161 327 aliter
1197 286 1443 343 appositum
1479 286 1544 327 vel
1589 286 1806 343 adjectum

337 351 487 403 fuerit,
522 360 595 394 aut
627 352 797 394 articuli
831 353 967 410 aliqui
999 353 1071 394 alii
1105 354 1148 394 in
1183 353 1245 394 eis
1279 354 1474 395 contenti
1511 354 1802 405 inveniantur,

336 420 538 461 dominus
566 421 673 471 Rex,
704 429 745 462 et
771 420 957 478 predicti
986 429 1208 479 magnates
1236 437 1409 471 omnes,
1444 429 1486 462 et
1519 422 1806 463 communitas

337 488 487 544 populi
534 496 835 545 protestantur
885 488 1083 545 publice,
1131 490 1173 529 in
1222 489 1449 546 presencia
1493 488 1808 530 venerabilium

337 563 507 612 patrum
546 555 756 597 Bonifacii
797 556 876 598 Dei
920 557 1057 614 gratia
1093 556 1421 598 Cantuariensis
1462 556 1806 614 archiepiscopi,

337 624 477 664 tocius
507 623 665 680 Anglie
692 623 914 680 primatis,
946 640 1117 665 necnon
1146 632 1190 665 et
1216 623 1521 681 episcoporum
1551 625 1743 665 omnium
1765 624 1810 665 in

339 691 492 732 eodem
517 691 737 747 colloquio
763 692 1072 742 existencium,
1098 692 1215 748 quod
1241 691 1284 732 in
1311 707 1359 733 ea
1379 708 1601 748 nunquam
1624 708 1809 734 consen-

339 767 489 799 serunt
517 774 595 800 nec
623 759 928 810 consenciunt,
957 768 1021 800 set
1048 760 1101 801 de
1125 760 1256 816 plano
1281 759 1343 800 eis
1368 759 1688 801 contradicunt.
1711 762 1809 802 Pre-

339 834 454 867 terea
482 826 675 883 prefatus
702 827 904 869 dominus
935 829 1027 870 Rex
1055 829 1099 869 in
1124 828 1376 885 prolacione
1401 827 1564 884 prefate
1594 827 1811 869 sententie

340 911 490 935 omnes
517 894 742 936 libertates
770 904 813 935 et
843 896 1183 937 consuetudines
1218 896 1342 953 regni
1375 895 1510 936 nostri
1540 896 1739 953 antiquas
1771 904 1814 937 et

341 962 536 1012 usitatas,
558 971 600 1003 et
625 963 863 1021 dignitates
887 973 928 1005 et
946 966 1041 1020 jura
1065 979 1224 1005 corone
1247 980 1321 1004 sue
1346 980 1420 1005 ore
1441 964 1620 1021 proprio
1645 963 1813 1021 specia-

339 1030 438 1072 liter
467 1030 549 1071 sibi
576 1040 615 1072 et
646 1048 780 1089 regno
809 1048 885 1073 suo
913 1032 1091 1073 salvavit
1113 1040 1155 1073 et
1178 1033 1362 1089 excepit.

398 1100 445 1140 In
475 1101 596 1155 cujus
630 1100 690 1140 rei
721 1101 970 1141 memoriam
1001 1109 1043 1142 et
1069 1101 1112 1141 in
1140 1108 1363 1158 posterum
1388 1100 1582 1141 veritatis
1615 1100 1812 1141 testimo-

342 1166 482 1218 nium,
506 1176 592 1208 tam
620 1167 822 1209 dominus
852 1170 944 1210 Rex
972 1185 1100 1226 quam
1133 1167 1321 1226 predicti
1346 1167 1549 1218 comites,
1574 1168 1627 1209 ad
1652 1168 1813 1209 instan-

340 1234 443 1276 tiam
476 1235 657 1276 aliorum
692 1245 940 1295 magnatum
971 1245 1013 1278 et
1043 1236 1218 1294 populi,
1254 1236 1449 1293 presenti
1479 1237 1642 1294 scripto
1670 1235 1813 1293 sigilla

342 1320 416 1344 sua
441 1313 756 1361 apposuerunt.

873 1497 983 1518 NOTES
1007 1497 1294 1524 BIOGRAPHIQUES

380 1581 540 1617 Riehard,
561 1586 670 1611 comte
687 1581 726 1611 de
746 1581 993 1618 Cornovailles,
1013 1584 1099 1612 frere
1117 1582 1156 1611 de
1176 1582 1279 1612 Henri
1298 1582 1355 1616 ΙΙΙ,
1376 1583 1417 1611 ne
1432 1592 1471 1612 en
1490 1582 1581 1611 1209.
1600 1582 1627 1612 Il
1646 1581 1818 1611 conduisit

343 1633 405 1652 une
423 1622 577 1652 croisade
595 1634 636 1653 en
659 1623 844 1659 palestine,
863 1634 902 1653 en
924 1624 1014 1659 1240,
1035 1628 1067 1654 et
1082 1625 1131 1653 fut
1145 1624 1211 1658 elu‚
1229 1634 1270 1654 en
1289 1624 1378 1659 1257,
1398 1623 1448 1653 roi
1465 1622 1712 1663 d’Allemag-ne‚
1730 1622 1816 1652 mais

342 1675 381 1694 ne
401 1665 448 1693 fut
466 1663 590 1704 jamais
612 1667 706 1694 sacre
725 1675 915 1704 emper-eur.
937 1666 963 1695 Il
981 1665 1161 1695 combattit
1180 1665 1296 1695 Simon
1315 1665 1355 1694 de
1372 1665 1535 1694 Montfort
1553 1665 1610 1705 qui
1629 1664 1661 1694 le
1685 1664 1724 1694 fit
1744 1664 1818 1704 pri—

343 1706 479 1735 sonnier
497 1709 517 1735 a
538 1706 653 1736 Lewes
672 1710 704 1735 et
722 1711 858 1736 mourut
876 1717 915 1736 en
935 1707 1025 1736 1271.

382 1747 493 1786 Roger
510 1747 626 1787 Bigot,
647 1752 757 1777 comte
773 1747 814 1777 de
832 1748 973 1777 Norfolk
991 1752 1022 1777 et
1040 1747 1081 1777 de
1103 1747 1234 1778 Suffolk
1253 1748 1354 1788 apr'es
1380 1758 1440 1777 son
1459 1748 1539 1788 pere
1563 1747 1703 1786 Hugues
1727 1750 1818 1776 mort

342 1798 382 1817 en
408 1788 499 1818 1225.
525 1789 553 1818 ΙΙ
579 1790 628 1818 fut
653 1789 729 1824 fait,
755 1800 794 1819 en
820 1789 908 1823 1246,
936 1789 1109 1819 marechal
1138 1789 1390 1829 d'Angleterrc‚
1417 1789 1461 1818 du
1485 1789 1563 1818 chef
1591 1787 1632 1818 de
1662 1798 1697 1817 sa
1726 1788 1818 1818 mere

342 1829 523 1867 Mathilde,
544 1830 613 1859 fille
637 1832 732 1860 ainee
755 1830 799 1860 dn.
823 1830 933 1870 grand
957 1835 1066 1860 comte
1091 1831 1285 1861 Guillaume
1306 1831 1336 1860 le
1360 1830 1543 1860 Marechal.
1568 1829 1594 1859 11
1620 1830 1670 1859 fut
1693 1840 1738 1859 un
1758 1829 1818 1859 des

341 1871 435 1901 chess
453 1871 499 1900 du
516 1871 606 1911 parti
625 1872 887 1912 aristocratique
906 1883 986 1902 avec
1008 1872 1125 1902 Simon
1146 1872 1186 1902 de
1209 1872 1371 1902 Montfort
1388 1875 1421 1902 et
1438 1875 1576 1901 mourut
1597 1881 1677 1901 sans
1701 1873 1818 1911 poste-

342 1913 406 1942 rite
425 1924 465 1943 en
485 1913 574 1943 1270.

383 1954 434 1983 Hu
464 1965 521 1983 ues
540 1954 580 1983 de
599 1954 673 1986 Ver,
694 1954 882 1995 quati-ieme
898 1958 1007 1984 comte
1026 1954 1199 1990 d'Oxsord,
1220 1955 1321 1995 api-'es
1340 1965 1401 1984 son
1421 1955 1501 1994 p'ere
1523 1954 1649 1984 Robert
1669 1957 1758 1983 mort
1776 1963 1816 1983 en

343 1996 418 2025 1221
454 1998 482 2025 5.
505 1996 608 2025 Henri
634 1996 705 2036 ΙΙΙ).
732 1996 759 2025 11
782 1998 832 2026 fut
855 1999 948 2026 arme
969 1996 1143 2026 chevalier
1166 1999 1184 2025 ὲ
1209 1995 1419 2032 Gloucester,
1445 2006 1486 2025 en
1512 1996 1603 2031 1233,
1626 1999 1658 2025 et
1683 1998 1820 2024 mourut

342 2041 453 2067 trente
472 2048 533 2066 ans
552 2037 630 2077 plus
648 2037 860 2077 ta1=d(1263.)

382 2078 466 2108 Jean
482 2078 522 2116 de
540 2078 684 2114 Plessis,
701 2079 864 2108 huitieme
879 2083 988 2109 comte
1003 2078 1043 2108 de
1061 2078 1241 2108 Warwick.
1261 2079 1288 2108 Il
1304 2079 1409 2108 servit
1426 2089 1467 2108 en
1485 2077 1664 2118 Gascogne
1684 2087 1763 2106 sous
1786 2077 1816 2106 le

343 2119 459 2159 prince
480 2119 640 2149 Edouard
655 2124 687 2149 et
705 2121 755 2149 fut
775 2120 847 2160 pris
867 2131 909 2150 au
927 2124 1042 2150 retour
1061 2123 1079 2149 3
1099 2120 1187 2150 Pons
1206 2131 1246 2149 en
1267 2120 1363 2156 1254;
1386 2120 1410 2149 il
1431 2121 1482 2150 sut
1499 2130 1544 2149 un
1565 2119 1624 2149 des
1643 2118 1817 2159 partisans

344 2161 388 2190 du
409 2160 459 2190 roi
481 2161 566 2190 dans
586 2161 618 2190 13
637 2172 760 2200 guerre
778 2162 836 2191 des
857 2162 999 2191 Barons.

384 2202 544 2232 Boniface
567 2202 607 2231 de
633 2199 770 2238 Samie,
797 2203 1009 2243 archeveque
1032 2203 1072 2232 de
1096 2202 1308 2243 Cantorbery
1328 2202 1547 2243 (1245-1270).
1569 2202 1595 2231 Il
1621 2200 1704 2230 etait
1723 2199 1820 2230 oncle

343 2244 382 2273 (16
400 2243 433 2273 13
451 2244 543 2274 reine
561 2244 795 2284 d'Angleterre
815 2249 845 2274 et
864 2246 914 2275 fut
934 2256 979 2274 un
1000 2245 1068 2274 zele
1089 2244 1129 2274 de
1147 2244 1180 2273 la
1200 2254 1302 2273 cause
1324 2244 1438 2284 royale
1459 2243 1543 2273 dans
1564 2242 1598 2272 la
1617 2252 1740 2282 guerre
1759 2241 1819 2272 des

347 2285 489 2314 Barons.

385 2327 555 2367 Foulques
578 2326 715 2360 Basset,
736 2328 861 2367 eveque
888 2327 927 2356 de
948 2326 1099 2356 Londres
1117 2327 1337 2367 (1244-1‘259).
1358 2326 1383 2355 Il
1405 2325 1487 2355 etait
1512 2325 1598 2355 frere
1625 2324 1665 2354 de
1687 2323 1821 2355 Gilbert

344 2367 416 2407 (des
436 2368 555 2397 Basset
578 2368 618 2397 de
637 2368 844 2409 Wycombe),
863 2368 918 2408 qui
942 2372 1080 2398 mourut
1097 2379 1136 2397 en
1159 2369 1247 2397 1241.

385 2409 524 2447 Hugues
547 2409 720 2444 Norwohl,
741 2411 867 2449 eve-que
889 2409 986 2449 d‘Ely
1008 2409 1231 2450 (1229-1254).

384 2448 511 2480 Robert
535 2450 741 2484 Grossetete,
766 2452 892 2491 eveque
919 2451 959 2479 de
988 2451 1127 2480 Lincoln
1152 2449 1378 2490 (1235-1254);
1402 2449 1515 2489 pre‘lat
1537 2448 1670 2478 celebre
1694 2458 1759 2488 par
1784 2458 1822 2478 sa

344 2491 486 2527 science,
506 2491 540 2521 13
558 2492 700 2521 severit<-
721 2491 761 2520 de
781 2502 833 2521 ses
854 2503 979 2521 moeurs
998 2496 1030 2521 et
1049 2503 1108 2522 son
1127 2491 1236 2532 esprit
1256 2489 1545 2530 d’independance
1564 2489 1772 2530 episcopale.
1793 2490 1821 2519 Il

346 2534 395 2562 fut
412 2533 504 2562 l'ami
523 2537 556 2562 et
573 2533 603 2562 le
622 2533 804 2562 conseiller
819 2533 863 2563 du
879 2538 988 2563 comte
1006 2533 1046 2563 de
1064 2533 1246 2563 Leicester.

386 2574 525 2604 Gautier
543 2574 583 2603 (16
602 2574 832 2614 Chanteloup,
858 2575 911 2604 fils
936 2574 1035 2604 cadet
1057 2575 1097 2604 de
1119 2574 1325 2607 Guillaume‚
1348 2572 1497 2612 premier
1515 2573 1623 2602 baron
1641 2572 1681 2602 de
1703 2571 1820 2601 Canti-

344 2615 442 2655 lupc,
465 2616 514 2645 fut
536 2616 591 2645 clu
614 2617 740 2655 eve-que
763 2615 802 2644 de
824 2617 1025 2650 worcester,
1046 2616 1075 2645 le
1097 2617 1135 2645 30
1156 2619 1236 2645 aont
1262 2616 1338 2644 1236
1358 2618 1390 2643 et
1413 2616 1573 2643 consacre
1595 2614 1725 2643 l'annee
1749 2613 1820 2642 sui-

344 2661 455 2691 vante,
473 2659 492 2686 3
506 2656 653 2692 Viterhe,
672 2668 735 2696 pur
750 2656 914 2697 Gregoire
934 2658 974 2686 lx
993 2658 1022 2695 (3
1042 2657 1106 2686 mai
1128 2657 1228 2696 1237).
1249 2656 1275 2685 11
1295 2656 1355 2690 sut,
1373 2665 1453 2684 avec
1468 2655 1595 2685 Robert
1613 2655 1818 2690 Grossetffl,

345 2708 388 2726 nn
415 2698 473 2727 des
498 2698 628 2738 prelats
650 2698 699 2727 les
724 2698 802 2738 plus
827 2699 1086 2738 remarquables
1113 2698 1152 2727 de
1173 2709 1233 2727 son
1259 2701 1382 2737 temps.
1406 2696 1564 2726 Pax-tisan
1584 2696 1624 2726 de
1643 2695 1759 2726 Simon
1779 2694 1820 2726 de

345 2739 507 2769 Montfort
528 2739 666 2779 jusqu'a
689 2739 722 2769 13
746 2740 810 2774 fin,
835 2739 858 2768 il
882 2741 929 2768 fut
955 2739 1130 2780 suspendu
1157 2739 1257 2779 apres
1282 2737 1450 2768 Evesham
1475 2742 1508 2768 et
1527 2738 1648 2779 appele
1673 2740 1692 2768 ἐι
1718 2738 1820 2768 Rome

345 2791 431 2821 pour
450 2792 484 2810 se
500 2780 661 2820 justitior.
683 2781 709 2810 Il
727 2784 863 2810 mourut
879 2791 944 2820 peu
960 2782 1060 2821 apres
1073 2805 1079 2816 ,
1097 2781 1179 2810 1612
1198 2779 1322 2810 sevrier
1340 2779 1428 2809 1266.
