1955 3308
363 200 421 229 112
701 197 896 228 CHARTES
920 197 1000 228 DES
1024 189 1235 228 LIBERTE'S
1258 197 1496 228 ANGLAISES

364 275 564 326 cationis,
607 274 902 325 anullationis,
953 274 1228 325 cassationis,
1283 274 1542 316 irritationis
1583 283 1624 316 et
1664 274 1829 316 decreti

363 342 502 384 nostri
545 351 740 383 tenorem
785 342 950 399 aliquid
998 351 1212 383 attentare
1256 351 1530 400 presumant.
1579 343 1666 385 Nos
1714 342 1830 383 enim

364 426 533 452 exnunc
566 410 737 451 irritum
773 410 1052 451 decernimus
1086 419 1129 451 et
1155 410 1307 461 inane,
1351 411 1387 451 si
1418 426 1542 451 secus
1578 425 1710 466 super
1745 409 1830 450 hiis

365 477 600 536 contigerit
635 478 856 519 attentari.
896 479 980 519 Per
1017 478 1099 518 hoc
1136 486 1278 519 autem
1309 494 1396 518 non
1435 477 1704 518 intendimus
1736 478 1829 532 jus,

365 545 522 603 siquod
556 546 891 602 quibuscunque
941 545 1177 603 regnicolis
1219 545 1323 586 dicti
1369 544 1492 603 regni
1532 545 1574 585 in
1606 543 1832 602 premissis

365 623 464 655 ante
491 614 798 655 concessiones
827 613 1076 669 hujusmodi
1109 629 1187 670 per
1213 622 1253 654 te
1282 613 1414 653 factas
1445 613 1623 653 forsitan
1657 627 1833 669 compe-

367 683 500 732 tebat,
517 681 703 723 auferre.
725 680 842 723 Nulli
866 697 971 738 ergo
991 681 1169 721 omnino
1191 680 1416 721 hominum
1432 680 1557 720 liceat
1580 680 1690 720 hane
1709 679 1833 737 pagi-

366 766 464 791 nam
489 759 613 791 noste
631 749 937 799 revocationis,
963 747 1259 797 manationis,
1282 747 1555 797 cassationis,
1576 745 1833 788 irritationis

366 830 408 862 et
430 819 758 862 constitutionis
784 819 1039 877 infringere,
1057 819 1122 860 vel
1145 819 1182 860 ei
1203 834 1307 859 ausu
1331 818 1563 859 temerario
1582 825 1731 858 contra
1753 815 1831 857 ire.

369 888 517 946 Siquis
559 896 700 928 autem
737 888 818 928 hoc
859 895 1071 927 attentare
1110 886 1449 943 presumpserit,
1487 884 1835 942 indignationem

368 955 684 1013 omnipotentis
712 954 789 995 Dei
823 964 861 995 et
896 955 1121 995 beatorum
1150 953 1266 994 Petri
1294 961 1336 994 et
1369 951 1506 1001 Pauli,
1540 951 1835 1009 apostolorum

367 1025 476 1080 ejus,
497 1040 541 1064 se
558 1023 723 1064 noverit
742 1023 1032 1063 incursurum.
1051 1023 1207 1062 Datum
1222 1020 1438 1079 Lugduni.
1462 1019 1540 1076 iiij.
1558 1019 1641 1060 kal.
1659 1021 1832 1061 Januar.

368 1091 650 1133 Pontificatus
672 1089 809 1132 nostri
831 1107 943 1131 anno
966 1091 1123 1147 primo.
