1955 3308
537 207 595 236 ΙΙΙ.
619 223 660 229 --
683 205 854 236 CHARTE
878 204 932 235 DE
957 204 1089 235 HENRI
1114 204 1144 234 ΙΙ
1537 204 1576 234 ’13

391 546 473 589 III.
596 543 848 589 CHARTE
889 544 970 589 DE
1011 544 1206 589 HENRI
1247 544 1285 587 11

151 820 265 858 Cette
292 820 443 865 charte,
474 821 571 857 dont
598 818 802 869 l'original
830 826 891 855 est
918 818 1061 868 perdu,
1090 830 1193 854 nous
1222 831 1242 854 a
1271 818 1332 854 ete
1360 818 1581 854 conserve'e

97 882 198 919 dans
217 882 252 919 le
274 896 348 919 ms.
372 882 535 919 Cotton.
559 879 754 918 Claudius
776 880 824 916 D.
850 892 895 924 11,
921 879 989 916 sol.
1017 880 1089 916 107
1111 884 1166 923 νο,
1195 887 1232 915 01
1253 891 1348 924 11011,
1373 891 1525 915 comme
1547 877 1582 914 le

98 942 156 980 dit
192 957 264 993 pai·
294 956 434 980 eri-eur
466 943 729 985 Blaekstone,
764 954 801 991 p.
837 954 889 985 vi,
924 942 1023 977 dans
1055 940 1090 977 le
1121 956 1138 975 «
1170 940 1292 977 Livre
1326 953 1452 989 rouge
1488 956 1504 973 »
1535 940 1583 975 de

98 993 542 1054 l'Echiquier.C'estl{1
565 1003 710 1053 qu'elle
727 1018 746 1039 a
769 1004 830 1039 et(-
846 1002 986 1052 copiee
1002 1015 1107 1051 pour
1127 1001 1309 1038 l'edition
1329 1002 1400 1037 des
1416 1002 1586 1037 &acates

99 1067 217 1114 oftlte
237 1069 382 1109 realta,
404 1079 481 1115 qne
504 1078 605 1102 nous
628 1078 754 1101 avons
777 1063 921 1107 suh-ie,
949 1065 1067 1113 apres
1091 1062 1323 1112 inspeetion
1345 1063 1397 1099 ‹lu
1420 1075 1495 1099 1115.
1521 1062 1581 1099 Cf,

100 1126 267 1172 Stubbs,
293 1129 417 1164 Select
447 1128 645 1167 Chapters,
678 1139 716 1175 p.
750 1126 837 1161 135.
868 1125 954 1161 lille
983 1125 1085 1162 n'est
1114 1138 1184 1174 pas
1210 1125 1338 1161 (lutee.
1372 1124 1523 1160 Stubbs
1551 1122 1586 1159 la

100 1189 233 1239 place,
259 1202 355 1225 avec
389 1188 525 1225 raison
554 1201 647 1225 sans
676 1188 818 1231 doute,
855 1186 1027 1224 aussitot
1056 1190 1175 1236 apres
1206 1186 1240 1222 le
1271 1193 1589 1222 couronnement

100 1251 148 1287 de
172 1250 298 1287 Hem‘i
316 1250 351 1287 II
375 1250 437 1301 (1.9
460 1250 546 1286 (1όο.
575 1249 703 1299 1154).

175 1461 309 1502 Carta
338 1462 465 1518 Regis
497 1462 679 1501 chrz'ci
701 1461 880 1501 secundi
901 1461 1025 1518 facta
1053 1461 1354 1499 communitati
1378 1462 1514 1516 regni.

162 1591 375 1630 Henricus
408 1589 487 1630 Dei
517 1589 661 1647 gracia
698 1605 770 1629 rex
807 1588 1096 1646 Anglorum¹,
1135 1587 1220 1628 dux
1251 1587 1516 1629 Normannie
1548 1594 1591 1628 01

102 1657 354 1714 Aquitanie,
387 1666 429 1697 et
462 1673 606 1697 comes
639 1655 907 1713 Andegavie,
941 1654 1144 1696 omnibus
1176 1654 1427 1703 comitibus,
1463 1655 1591 1695 baro-

103 1726 231 1765 nibus
257 1732 299 1764 et
328 1724 530 1764 fidelibus
560 1724 647 1763 suis
676 1723 854 1764 Francis
879 1730 921 1763 et
942 1722 1163 1779 Anglicis,
1192 1722 1391 1762 salutem.

164 1791 321 1833 Sciatis
360 1807 441 1839 me,
479 1791 530 1831 ad
564 1791 776 1831 honorem
813 1791 892 1830 Dei
924 1798 965 1830 et
997 1798 1145 1830 sancte
1185 1789 1401 1837 Ecclesie,
1442 1797 1483 1829 et
1512 1805 1591 1845 pro

105 1857 323 1900 communi
369 1858 682 1898 emendacione
724 1858 866 1898 tocius
908 1856 1033 1914 regni
1064 1858 1170 1910 mei,
1210 1857 1504 1905 concessisse,
1550 1864 1592 1896 et

105 1925 368 1974 reddidisse,
393 1934 433 1965 et
462 1925 657 1982 presenti
686 1934 801 1965 carta
829 1940 919 1965 mea
947 1924 1229 1965 confirmasse
1252 1926 1344 1965 Deo
1373 1932 1415 1964 et
1442 1931 1592 1964 sancte

106 1993 324 2042 Ecclesie,
361 2001 402 2033 et
430 1993 633 2033 omnibus
668 1993 928 2041 comitibus,
957 2000 999 2032 01
1030 1991 1291 2040 baronibus,
1320 1999 1363 2032 et
1389 1990 1592 2032 omnibus

107 2060 360 2101 hominibus
404 2059 529 2110 meis,
570 2075 721 2100 omnes
762 2059 1085 2108 concessiones,
1131 2067 1173 2099 et
1216 2058 1507 2107 donaciones,
1551 2067 1594 2098 et

105 2127 353 2177 libertates,
379 2136 421 2168 et
446 2127 606 2168 liberas
631 2126 972 2167 consuetudines
990 2159 998 2175 ,
1030 2142 1137 2183 quas
1161 2142 1235 2166 rex
1257 2125 1470 2166 Henricus
1490 2141 1590 2166 avus

109 2210 226 2235 meus
264 2194 325 2235 eis
358 2195 479 2235 dedit
514 2203 555 2235 et
586 2195 817 2235 concessit.
853 2194 1067 2235 Similiter
1105 2192 1240 2234 eciam
1273 2210 1423 2235 omnes
1459 2193 1590 2234 malas

108 2262 470 2310 consuetudines,
504 2277 610 2317 quas
636 2261 729 2317 ipse
756 2261 917 2302 delevit
947 2269 988 2301 et
1017 2261 1206 2311 remisit,
1238 2277 1319 2318 ego
1348 2261 1523 2301 remitto
1551 2268 1594 2300 et

109 2328 245 2369 deleri
280 2330 474 2370 concedo
506 2345 586 2385 pro
624 2344 690 2369 me
726 2337 767 2368 et
801 2328 1038 2369 heredibus
1075 2327 1196 2368 meis.
1234 2330 1378 2381 Quare
1415 2328 1512 2368 volo
1551 2335 1593 2367 et

109 2394 289 2436 firmiter
318 2397 516 2453 precipio
548 2395 665 2453 qnod
695 2404 843 2436 sancta
877 2395 1094 2445 Ecclesia,
1126 2404 1168 2436 et
1199 2411 1350 2436 omnes
1383 2394 1589 2444 comites,

109 2470 152 2502 et
184 2463 385 2513 barones,
423 2472 464 2504 et
494 2480 646 2504 omnes
676 2463 758 2503 mci
789 2464 1014 2512 homines,
1049 2478 1200 2503 omnes
1228 2462 1324 2503 illas
1356 2470 1591 2502 eonsuetu-

109 2528 250 2580 dines,
281 2538 323 2570 et
345 2530 628 2580 donaciones,
657 2539 699 2571 et
721 2530 963 2579 libertates,
992 2538 1038 2579 et
1058 2530 1219 2571 liberas
1249 2528 1592 2570 consuetudines

152 2668 180 2696 1.
203 2667 255 2698 Ou
274 2668 408 2709 Anglie.
426 2669 472 2699 La
490 2670 586 2709 copie
605 2669 650 2699 du
667 2680 730 2699 ms,
751 2670 888 2699 Cotton.
908 2673 1005 2709 porte
1025 2669 1236 2698 seulement:
1257 2667 1356 2708 Angl.
1373 2668 1462 2697 C'est
1481 2667 1593 2697 seule-

109 2713 207 2780 ἓιεῐὲ
224 2712 243 2738 ἐι
260 2710 372 2779 gartlir
389 2710 430 2739 de
447 2711 531 2740 ,Jean
547 2721 611 2751 que
630 2711 679 2740 les
696 2710 765 2740 rois
781 2710 1017 2750 d'Angleterre
1036 2710 1171 2750 prirent
1189 2710 1445 2740 officiellement
1466 2708 1498 2738 lc
1515 2709 1594 2738 titre

134 2760 150 2780 e
207 2761 248 2780 ea:
289 2760 335 2792 ng
349 2761 389 2780 ze.
