1955 3308
463 226 514 255 Vl.
543 243 578 247 —
605 225 745 255 BULLE
772 223 827 254 DU
854 223 961 253 ΡΑΡΕ
989 222 1207 253 INNOCENT
1234 223 1277 251 111
1570 219 1610 250 [13

127 318 254 358 quam
292 301 429 342 nuntii
464 317 560 342 cum
590 301 672 341 hoe
700 298 882 356 provido
909 307 951 339 et
977 299 1096 354 justo
1127 297 1330 338 mandato
1355 295 1607 345 rediissent,

128 368 208 419 illi,
230 371 479 425 juramento
511 367 733 408 fidelitatis
763 367 941 407 omnino
965 373 1235 421 contempto,
1269 380 1382 413 eum,
1410 372 1451 404 et
1477 364 1511 404 si
1540 379 1611 403 rex

128 452 203 477 eos
239 437 400 492 injuste
431 444 671 493 gravasset,
706 434 789 491 ipsi
814 443 958 474 tamen
988 449 1072 473 uon
1097 431 1356 473 debuissent
1387 431 1447 471 sic
1482 446 1611 488 agere

129 512 279 544 contra
312 519 409 543 eum
446 512 490 543 ut
522 504 564 543 in
603 519 728 543 causa
768 518 841 542 sua
879 501 1008 542 iidem
1039 500 1211 556 judices
1245 508 1286 540 et
1320 507 1612 556 exequutores

130 570 385 621 existerent,
412 570 567 611 vassali
593 579 741 611 contra
770 569 995 610 dominum
1022 577 1063 609 et
1088 568 1249 608 milites
1274 575 1424 608 eontra
1451 568 1612 623 Regem

129 638 305 695 publice
343 640 641 695 conjuranteS,
685 654 771 678 non
812 637 949 678 solum
991 652 1087 677 eum
1125 634 1220 676 aliis
1264 634 1340 676 sed
1381 650 1478 675 eum
1522 635 1614 689 ejus

131 706 500 747 manifestissimis
535 705 741 755 inimicis,
785 712 1147 762 presumpserunt
1181 711 1331 744 eontra
1369 718 1467 743 eum
1500 717 1614 742 arma

135 790 320 824 movere,
362 782 627 831 occupantes
662 783 703 814 et
736 773 1012 813 devastantes
1048 780 1185 812 terras
1226 769 1361 828 ipsius
1402 769 1459 810 ita
1500 767 1616 825 quod

133 841 351 882 civitatem
377 858 552 898 quoque
581 840 957 889 Londoniensem,
989 855 1071 895 que
1099 838 1224 879 sedes
1251 846 1316 879 est
1345 837 1491 893 regni,
1513 851 1616 892 pro-

134 907 291 949 ditorie
332 909 414 950 sibi
458 909 659 950 traditam
710 909 974 949 invaserunt.
1016 905 1194 947 Interim
1238 913 1398 953 autem,
1438 903 1616 960 prefatis

137 976 299 1017 nuntiis
344 976 680 1025 revertentibus,
729 977 819 1017 Rex
860 974 1019 1015 obtulit
1052 974 1114 1014 eis
1155 972 1393 1014 secundum
1437 971 1617 1011 sormam

137 1044 325 1085 mandati
368 1043 505 1085 nostri
538 1043 707 1100 justitie
745 1042 1065 1100 plenitudinem
1101 1041 1326 1089 exhibere,
1365 1054 1493 1096 quam
1535 1037 1617 1094 ipsi

135 1111 313 1152 omnino
354 1120 612 1168 spernentes
651 1118 863 1167 ceperunt
901 1125 1052 1150 manua,
1092 1108 1326 1149 extendere
1365 1107 1416 1147 ad
1452 1107 1616 1163 pejora.

135 1179 260 1220 Unde
285 1180 378 1221 Rex
403 1179 495 1236 ipse
522 1179 573 1219 ad
603 1177 869 1220 audientiam
901 1186 1091 1217 nostram
1123 1176 1349 1233 appellans
1373 1174 1529 1215 obtulit
1558 1174 1619 1214 eis

136 1246 343 1288 exhibere
371 1246 587 1303 justitiam
621 1262 764 1287 eoram
797 1245 940 1289 nobis,
973 1245 1025 1285 ad
1057 1260 1166 1301 quos
1191 1244 1319 1299 liujus
1349 1258 1476 1283 cause
1501 1241 1618 1297 judi-

136 1315 242 1354 tium
285 1314 452 1355 ratione
492 1314 672 1355 dominii
716 1313 988 1370 pertinebat,
1026 1312 1141 1369 quod
1184 1312 1264 1368 ipsi
1308 1318 1408 1351 sunt
1445 1310 1619 1366 penitus

138 1381 374 1438 aspernati.
407 1381 576 1423 Deinde
605 1381 764 1439 optulit
794 1381 878 1421 illis
902 1389 946 1421 ut.
972 1389 1055 1420 tam
1087 1380 1139 1420 ab
1167 1380 1260 1436 ipso
1293 1394 1422 1435 quam
1453 1378 1505 1417 ab
1537 1377 1620 1417 illis

138 1449 406 1507 eligerentur
430 1458 616 1507 quatuor
642 1450 718 1491 viri
743 1449 982 1506 prudentes
1009 1449 1082 1505 qui
1107 1464 1188 1488 una
1215 1446 1441 1487 nobiseum
1472 1445 1621 1485 subor-

138 1527 223 1559 tam
250 1517 363 1559 inter
385 1534 458 1559 eos
482 1518 748 1559 discordiam
773 1516 1075 1566 terminarent,
1097 1516 1358 1572 promittens
1382 1513 1499 1572 quod
1524 1522 1622 1554 ante

140 1585 284 1627 onmia
320 1594 543 1627 revocaret
581 1587 805 1627 universos
845 1586 1006 1625 abusus
1051 1584 1315 1641 quicumque
1355 1583 1537 1624 fuissent
1580 1581 1621 1622 in

140 1656 341 1713 Angliam
378 1673 454 1697 suo
488 1665 687 1713 tempore
720 1654 980 1705 introducti3
1016 1655 1092 1695 sed
1127 1670 1206 1694 nee
1242 1654 1323 1694 hoe
1361 1653 1422 1693 illi
1454 1652 1622 1711 dignati

142 1733 243 1765 sunt
265 1732 507 1781 acceptare.
531 1724 725 1765 Tandem
746 1725 836 1765 Rex
859 1722 944 1763 illis
964 1722 1198 1780 proposuit
1219 1721 1353 1778 quod,
1381 1737 1475 1761 eum
1502 1720 1624 1777 regni

142 1791 382 1833 dominium
401 1792 454 1833 ad
471 1808 688 1833 romanam
710 1791 940 1832 ecelesiam
964 1791 1220 1847 pertineret,
1242 1790 1333 1846 ipse
1357 1805 1437 1830 nee
1455 1795 1625 1845 poterat

145 1876 223 1900 nee
255 1860 444 1901 debebat
477 1860 643 1917 absque
680 1868 828 1900 nostro
860 1857 1031 1915 spetiali
1068 1857 1269 1898 mandato
1305 1856 1540 1913 quiequam
1573 1855 1626 1896 de

146 1925 218 1965 illo
246 1925 288 1965 in
319 1933 515 1965 nostrum
538 1923 821 1981 prejuditium
851 1923 1093 1970 immutare,
1127 1922 1241 1963 unde
1270 1937 1420 1962 rursus
1443 1921 1493 1961 ad
1526 1936 1627 1960 nos-

146 2001 254 2033 tram
278 1992 543 2033 audientiam
569 1992 818 2049 appellavit,
849 2008 893 2032 se
914 1991 1055 2048 ipsum
1086 2007 1133 2030 ac
1163 1992 1360 2047 Regnum
1387 2005 1483 2030 eum
1509 1987 1629 2029 omni

147 2060 312 2101 honore
343 2076 390 2100 ae
418 2061 516 2117 jure
542 2076 620 2101 suo
652 2057 894 2116 apostolice
920 2057 1185 2115 protectioni
1215 2073 1497 2114 supponens3
1533 2055 1626 2103 sed,

147 2144 243 2169 cum
276 2127 396 2169 nullo
427 2128 555 2169 modo
589 2128 837 2184 proficeret,
866 2125 1103 2184 postulavit
1137 2126 1189 2166 ab
1214 2125 1549 2182 archiepiscopo
1587 2130 1628 2164 et

148 2195 367 2253 episeopis
385 2203 429 2236 ut
450 2196 534 2253 ipsi
558 2204 752 2236 nostrum
778 2203 1101 2252 exequerentur
1124 2194 1474 2247 mainlatum‚jns
1495 2191 1631 2233 eecle-

149 2264 209 2304 sie
233 2280 409 2305 romane
429 2263 733 2314 defenderent,
751 2279 799 2304 ae
819 2270 1048 2304 tuerentur
1063 2262 1265 2311 eundem,
1287 2260 1527 2302 seeundum
1548 2259 1630 2300 l'or-

152 2347 263 2371 mam
295 2330 514 2389 privilegii
544 2331 861 2389 crucesignatis
883 2330 1057 2371 indulti.
1086 2331 1238 2379 Porro,
1264 2344 1358 2369 cum
1390 2327 1470 2384 ipsi
1498 2327 1632 2368 nichil

150 2399 305 2439 horum
341 2399 481 2440 faeere
516 2399 781 2449 voluissent,
816 2397 969 2439 videns
1008 2413 1052 2437 se
1085 2396 1201 2438 omni
1232 2412 1343 2453 pene
1376 2395 1558 2435 consilio
1593 2403 1634 2435 et

152 2465 309 2507 auxilio
341 2466 622 2515 destitutum,
662 2465 873 2522 quiequid
908 2465 971 2506 illi
1002 2464 1094 2506 ausi
1131 2472 1233 2505 sunt
1265 2472 1415 2521 petere
1449 2479 1532 2503 non
1570 2470 1635 2503 est

152 2548 280 2574 ausus
309 2534 402 2590 ipse
430 2550 607 2592 negare.
640 2533 765 2576 Unde
794 2533 1033 2590 conpulsus
1061 2540 1126 2573 est
1158 2547 1236 2589 per
1264 2532 1347 2572 vim
1376 2539 1418 2571 et
1449 2539 1630 2579 metum,

154 2600 225 2657 qui
249 2601 404 2642 cadere
429 2610 599 2658 poterat
624 2602 664 2642 in
690 2601 827 2642 virum
857 2601 984 2641 etiam
1009 2599 1429 2649 constantissimum,
1456 2613 1635 2654 compo-

155 2666 356 2708 sitionem
380 2667 522 2709 inhire
546 2684 640 2709 eum
666 2668 772 2725 ipsis
796 2683 880 2708 non
905 2667 1043 2708 solum
1066 2666 1193 2707 vilem
1218 2675 1259 2707 et
1279 2675 1468 2722 turpem,
1487 2681 1633 2705 verum

156 2735 285 2775 etiam
305 2734 499 2777 illicitam
525 2744 565 2777 et
591 2736 800 2794 iniquam,
822 2735 862 2776 in
890 2734 1066 2777 nimiam
1090 2734 1426 2776 diminutionem
1451 2741 1487 2772 οἱ
1514 2732 1634 2773 dero-.
