1955 3308
360 217 398 245 66
695 213 890 246 CHARTES
916 214 994 245 DES
1018 204 1229 246 LIBERTES
1254 213 1492 246 ANGLAISES

417 292 459 335 4.
491 291 841 349 Archiepiscopi,
873 291 1085 350 episcopi,
1112 292 1306 342 abbates,
1330 291 1521 349 prioreS,
1549 292 1759 334 comites1
1786 301 1829 335 et

360 362 544 403 barones
569 369 611 402 et
631 359 789 401 milites
811 368 853 400 et
876 359 1014 401 libere
1032 368 1248 411 tenentes,
1271 360 1345 416 qui
1363 360 1520 401 boscos
1543 376 1643 401 suos
1662 361 1830 402 habent

360 429 404 470 in
437 429 633 479 forestis,
663 428 854 469 habeant
882 427 1038 469 boscos
1067 444 1168 469 suos
1200 427 1311 469 sicut
1341 443 1414 469 eos
1446 427 1694 469 habuerunt
1719 437 1828 469 tem-

359 513 465 555 pore
492 497 631 554 prime
659 493 963 536 coronacionis
991 495 1206 552 predicti2
1233 495 1348 554 regis
1375 495 1550 536 Henrici
1578 494 1641 536 avi
1670 496 1826 546 nostri,

361 566 420 607 ita
453 564 570 622 quod
604 562 739 620 quieti
774 562 860 604 sint
887 562 930 604 in
962 571 1222 620 perpetuum
1249 563 1303 604 de
1333 564 1536 604 omnibus
1572 572 1830 620 purprestu-

363 633 436 683 ris,
460 631 592 673 vastis
615 639 657 671 et
679 631 855 672 assartis
884 632 1007 672 factis
1031 631 1076 671 in
1102 630 1187 671 illis
1215 629 1378 681 boscis,
1404 639 1503 687 post
1525 630 1634 672 illud
1658 640 1831 688 tempus

361 717 498 758 usque
532 699 584 740 ad
615 698 880 756 principium
915 697 1095 740 secundi
1124 699 1225 739 anni
1253 697 1556 740 coronacionis
1586 707 1748 740 nostre.
1779 701 1833 741 Et

362 770 435 825 qui
467 768 520 809 de
558 776 703 809 cetero
742 775 910 807 vastum
927 767 958 817 3,
990 774 1342 823 purpresturam,
1383 766 1450 807 vel
1491 775 1702 807 assartum
1740 767 1832 808 sine

361 835 544 878 licencia
569 843 716 876 nostra
739 833 783 875 in
811 834 896 875 illis
927 834 1130 884 fecerint,
1162 833 1216 875 de
1239 832 1372 874 vastis
1397 841 1439 874 et
1460 833 1636 875 assartis
1658 850 1831 892 respon-

362 904 509 946 deant.

421 999 461 1040 5.
499 996 804 1056 Reguardores
841 995 979 1037 nostri
1020 1003 1119 1036 eant
1158 1011 1235 1052 per
1276 995 1458 1036 forestas
1499 995 1552 1036 ad
1589 994 1832 1037 faciendum

363 1065 627 1125 reguardum
652 1064 765 1105 sicut
787 1063 879 1104 fieri
907 1063 1131 1105 consuevit
1154 1072 1352 1120 tempore
1370 1063 1509 1120 prime
1533 1064 1834 1105 coronacionis

363 1133 549 1192 predicti
575 1133 690 1190 regis
716 1131 892 1172 Henrici
921 1132 986 1172 avi
1011 1131 1166 1182 nostri,
1191 1139 1234 1171 et
1259 1146 1344 1171 non
1374 1130 1513 1171 aliter.

423 1232 462 1271 6.
500 1226 760 1284 Inquisicio,
784 1225 849 1267 vel
877 1226 993 1266 visus
1024 1225 1076 1266 de
1105 1224 1434 1282 expeditacione
1459 1240 1614 1265 canum
1645 1224 1835 1265 existen-

364 1297 477 1338 cium
496 1297 538 1336 in
565 1295 738 1344 foresta,
764 1293 967 1334 decetero
991 1292 1063 1334 fiat
1085 1293 1259 1350 quando
1285 1293 1416 1334 debet
1439 1292 1529 1333 fieri
1555 1292 1833 1350 reguardum,

364 1364 530 1405 scilicet
560 1362 613 1404 de
640 1361 775 1402 tercio
804 1377 917 1402 anno
947 1360 991 1401 in
1024 1360 1209 1402 tercium
1241 1376 1425 1411 annum,
1457 1369 1497 1401 et
1527 1368 1630 1401 tunc
1658 1360 1731 1401 fiat
1759 1376 1838 1417 per

363 1432 501 1474 visum
530 1440 571 1472 et
603 1430 902 1472 testimonium
931 1429 1136 1487 legalium
1169 1428 1393 1470 hominum
1429 1437 1470 1470 et
1499 1444 1586 1469 non
1614 1428 1754 1469 aliter.
1784 1429 1838 1469 Et

365 1501 453 1551 ille,
476 1502 598 1556 cujus
621 1498 740 1540 canis
761 1499 962 1539 inventus
982 1496 1113 1538 fuerit
1132 1506 1235 1538 tunc
1254 1513 1339 1538 non
1356 1496 1648 1554 expeditatUS,
1667 1496 1741 1537 det
1758 1512 1837 1553 pro

365 1566 663 1610 misericordia
691 1574 779 1607 tres
811 1565 999 1616 solidos;
1029 1573 1070 1605 et
1098 1564 1151 1605 de
1184 1572 1329 1605 cetero
1360 1564 1505 1605 nullus
1533 1564 1610 1604 bos
1643 1563 1838 1620 capiatur

364 1653 443 1694 pro
474 1633 820 1692 expeditacione.
851 1633 966 1674 Talis
995 1641 1137 1674 autern
1169 1632 1224 1673 sit
1253 1631 1527 1689 expeditacio
1557 1647 1636 1688 per
1659 1631 1837 1671 assisam

366 1706 654 1749 communiter
678 1705 793 1762 quod
815 1712 903 1745 tres
924 1703 1057 1745 ortilli
1079 1702 1363 1744 abscidantur
1384 1703 1473 1758 (sic)
1498 1701 1591 1743 sine
1615 1701 1760 1758 pelota
1785 1700 1838 1741 de

365 1775 477 1833 pede
511 1772 744 1824 anteriori3
779 1788 858 1813 nec
886 1771 1196 1828 expeclitentur
1229 1786 1358 1811 canes
1393 1770 1446 1811 de
1481 1777 1642 1819 cetero,
1677 1767 1760 1809 nisi
1794 1768 1837 1809 in

366 1843 473 1884 locis
500 1842 572 1883 ubi
598 1848 918 1882 consueverunt
943 1837 1183 1896 expeditari
1210 1846 1406 1896 tempore
1428 1838 1568 1895 prime
1590 1836 1838 1878 coronacio-

367 1911 434 1952 nis
460 1911 574 1969 regis
599 1908 776 1950 Henrici
801 1909 866 1949 avi
888 1908 1042 1949 nostri.

426 2005 466 2048 7.
502 2004 657 2047 Nullus
696 2002 950 2045 forestarius
989 2002 1055 2043 vel
1094 2000 1292 2042 bedellus
1330 2000 1534 2041 decetero
1578 1998 1706 2040 faciat
1743 2014 1839 2040 sco-

366 2075 450 2116 tale
465 2074 496 2125 4,
525 2072 591 2114 vel
624 2071 802 2130 colligat
835 2071 1015 2129 garbas,
1052 2069 1119 2111 vel
1156 2085 1354 2119 avenam,
1386 2067 1453 2109 vel
1488 2066 1663 2108 bladum
1696 2066 1836 2116 aliud,

366 2142 432 2184 vel
458 2157 613 2199 agnOS,
642 2140 708 2181 vel
737 2139 978 2197 porcellos,
1009 2154 1089 2179 nec
1117 2137 1305 2194 aliquam
1334 2135 1560 2177 collectam
1589 2134 1770 2184 saciant3
1798 2142 1840 2174 et

367 2226 445 2268 per
479 2210 617 2249 visum
645 2217 688 2249 et
716 2215 1033 2248 sacramentum
1059 2205 1289 2246 duodecim
1323 2202 1637 2262 reguardorum
1666 2199 1839 2258 quando

369 2278 525 2319 facient
548 2275 826 2333 reguardum,
850 2283 914 2315 tot
934 2272 1150 2315 forestarii
1173 2280 1392 2330 ponantur
1415 2270 1468 2312 ad
1492 2270 1674 2311 forestas
1698 2277 1838 2310 custo-

369 2345 574 2395 diendas,
605 2352 712 2401 quot
747 2343 799 2384 ad
836 2342 932 2383 illas
964 2340 1272 2383 custodiendas
1304 2337 1625 2380 rationabiliter
1650 2335 1840 2378 viderint

370 2413 583 2455 sufficere.

373 2503 1830 2522 ——-—-———--—-—————————-—-

409 2571 436 2600 ’1.
464 2571 554 2600 Dans
574 2570 651 2599 ‘1225
671 2579 677 2598 2
697 2568 841 2604 comites,
863 2567 1022 2602 barones,
1042 2565 1180 2602 milites,
1203 2564 1305 2595 libere
1322 2567 1486 2599 tenentes,
1507 2561 1566 2602 qui
1582 2561 1704 2590 habent
1727 2560 1841 2590 boscos

368 2622 444 2642 suos
460 2612 492 2641 in
509 2610 654 2652 forestis.

411 2655 440 2684 2.
464 2652 610 2683 Ρνεᾶίείι
630 2655 681 2681 est
698 2651 785 2680 omis
806 2651 891 2680 dans
911 2650 1000 2679 1225.

411 2696 438 2724 3.
467 2695 556 2724 Dans
575 2694 652 2723 1225
673 2703 678 2722 2
706 2695 836 2721 Vastum
860 2691 1176 2731 velpurpresturam
1193 2687 1263 2717 sine
1286 2685 1425 2716 licencia
1440 2689 1555 2716 nostra
1577 2684 1609 2714 in
1628 2683 1695 2714 illis
1711 2683 1839 2724 fecerit,

373 2735 422 2765 vel
443 2739 617 2769 essartum,
641 2734 681 2763 de
700 2733 811 2767 vastis,
829 2730 1057 2773 purpresluris
1073 2734 1104 2760 et
1122 2728 1260 2759 essartis
1277 2727 1511 2769 respondeant.

410 2780 440 2808 li.
469 2778 558 2807 Dans
578 2777 654 2806 ‘1225
675 2786 680 2805 :
700 2774 870 2804 scocallas.
