1955 3308
381 209 417 239 V.
441 226 482 231 —
505 208 678 239 GRANDE
702 208 874 239 CHARTE
898 209 952 239 DE
976 209 1080 239 JEAN
1107 209 1212 239 SANS
1234 210 1375 241 TERRE
1585 213 1623 243 27

142 285 259 342 quod
285 285 526 342 Anglieana
556 284 740 326 ecclesia
765 285 902 325 libera
929 286 1000 335 sit,
1031 293 1073 325 et
1101 286 1258 326 habeat
1281 287 1378 341 jura
1407 303 1480 327 sua
1510 287 1623 329 inte-

139 368 232 410 gra,
265 361 307 394 et
326 353 551 394 libertates
574 368 672 393 suas
694 352 862 403 illesas3
891 363 929 393 et
948 357 1009 393 ita
1027 353 1221 394 volumus
1240 354 1486 407 obse1·‹›arz';
1510 358 1626 413 quod

141 430 323 477 apparet
351 436 404 460 ex
434 436 480 460 eo
511 420 627 477 quod
658 420 899 460 libertatem
933 421 1203 471 electionum,
1239 437 1320 478 que
1353 425 1552 462 maxima
1585 432 1624 463 ec

138 490 279 545 magis
317 490 565 528 necessaria
610 496 839 544 reputatur
878 487 1070 528 Ecclesie
1111 486 1375 545 Anglicarze,
1421 505 1544 529 mera
1585 500 1624 530 et

137 564 378 611 spontanea
413 554 652 604 volutante,
691 564 791 594 (mle
822 556 1083 595 discordiam
1119 559 1231 595 z'ncer
1259 572 1336 595 nos
1363 565 1402 596 et
1436 557 1622 598 barones

138 632 307 663 nostros
327 632 504 673 motam,
528 625 814 662 com-eszw'mus
834 631 871 662 et
896 632 1022 662 carta
1050 632 1201 663 nostra
1218 623 1226 650 ¹
1245 623 1618 678 eonfirmavitmcs,

137 698 175 729 ec
210 705 303 729 eam
336 690 599 729 obtinuimus
627 705 652 728 α
682 689 852 729 domino
874 706 996 746 papa
1026 690 1274 730 Innocentio
1305 694 1435 730 tercio
1465 692 1621 746 confit·-

138 759 275 807 1ηα1·ι’;
307 773 437 813 (suam
470 766 507 796 cc
535 773 612 796 nos
638 757 962 797 observabimus
989 766 1027 797 et
1055 758 1109 797 ab
1138 757 1367 797 heredibus
1396 762 1554 799 nostris
1579 762 1621 799 ιἰι

132 833 387 881 perpolitum
416 825 525 863 {mua
547 824 634 878 fide
661 824 855 864 volumus
880 825 1115 865 observari.
1149 824 1458 865 Concessimus
1484 826 1620 866 eciam

137 891 340 932 omnibus
368 891 519 931 liberis
549 890 801 931 hominibus
828 891 951 948 regni
981 892 1135 941 nostri,
1165 908 1245 948 pro
1272 892 1398 932 nobis
1424 900 1467 932 et
1494 893 1623 934 here-

137 958 265 999 dibus
301 959 463 999 uostris
496 959 537 998 iu
566 967 841 1015 perpetuum,
884 975 1035 999 omnes
1068 959 1294 1000 libertates
1330 960 1618 1016 subscriptas,

136 1026 360 1066 habendas
398 1034 438 1066 et
475 1025 687 1066 tenendus
719 1025 780 1066 eis
822 1034 863 1066 et
902 1026 1142 1067 heredibus
1177 1026 1289 1077 suis,
1330 1026 1383 1067 de
1418 1027 1545 1068 nobis
1580 1035 1622 1068 et

136 1094 375 1134 heredibus
408 1094 585 1134 nostris.

194 1196 233 1237 2.
273 1196 317 1238 Si
343 1196 439 1253 quis
466 1198 671 1238 comitum
697 1197 761 1237 vcl
785 1198 996 1237 baronum
1023 1205 1290 1248 nostrorum,
1320 1199 1408 1239 sive
1436 1198 1620 1239 aliorum

134 1263 385 1305 teneucium
414 1265 466 1304 dc
497 1264 622 1304 nobis
653 1265 693 1304 in
723 1265 864 1321 capite
896 1280 974 1321 per
1005 1264 1234 1305 servicium
1271 1265 1474 1316 militare,
1507 1282 1619 1307 mor-

134 1340 233 1372 tuus
257 1331 400 1381 suerit,
431 1340 472 1372 et
500 1348 595 1372 cum
622 1332 863 1372 decesserit
889 1333 1017 1372 heres
1045 1348 1147 1372 suus
1170 1332 1300 1389 plcnc
1330 1334 1457 1374 etatis
1487 1334 1619 1374 suerit

135 1407 177 1439 et
203 1398 408 1440 relevium
434 1398 607 1449 debeat,
643 1399 799 1440 habeat
827 1398 1116 1440 hereditatem
1145 1416 1265 1440 suam
1291 1417 1369 1457 per
1391 1400 1620 1457 antiquum

135 1465 369 1516 relevium3
414 1465 583 1507 scilieet
622 1466 746 1506 heres
784 1466 850 1506 vel
892 1466 1077 1507 heredes
1122 1466 1294 1507 comitis
1337 1467 1390 1508 de
1438 1468 1621 1509 baronia

136 1533 307 1575 comitis
331 1534 499 1589 integra
523 1550 600 1590 per
619 1542 793 1574 centum
817 1534 977 1587 libras;
1000 1535 1129 1575 heres
1152 1534 1217 1574 vel
1239 1534 1423 1575 heredes
1443 1534 1620 1576 baronis

135 1601 188 1642 de
211 1601 390 1642 baronia
412 1601 579 1658 integra
600 1618 678 1658 per
700 1610 875 1642 centum
899 1601 1031 1642 libras
1055 1603 1142 1658 (sic)
1165 1619 1173 1652 ;
1199 1602 1325 1642 heres
1348 1602 1413 1642 vel
1434 1603 1620 1644 heredes

136 1668 287 1710 militis
315 1669 368 1709 de
398 1670 523 1709 feodo
546 1669 695 1710 militis
724 1671 894 1726 integro
919 1685 997 1726 per
1019 1678 1192 1710 centum
1220 1669 1383 1710 solidos
1412 1669 1465 1710 ad
1492 1670 1617 1726 plus;

135 1744 178 1777 et
203 1737 276 1792 qui
309 1737 449 1777 minus
478 1736 680 1777 debuerit
711 1737 853 1778 minus
885 1736 959 1777 det
993 1737 1232 1778 secundum
1266 1736 1488 1794 antiquam
1517 1753 1621 1778 con-

137 1804 414 1845 suetudinem
446 1805 685 1846 feodorum.

194 1906 236 1948 3.
273 1908 318 1949 Si
350 1916 491 1948 autem
526 1909 654 1948 heres
685 1908 868 1964 alicujus
896 1908 1046 1950 talium
1081 1909 1210 1950 suerit
1239 1909 1349 1950 infra
1381 1917 1539 1950 etatem
1576 1918 1618 1951 et

137 1975 265 2016 fuerit
294 1974 337 2015 iu
370 1975 582 2024 custodia,
616 1991 712 2016 cum
741 1975 794 2016 ad
825 1984 983 2017 etatem
1014 1978 1279 2033 pervenerit,
1308 1977 1466 2019 habeat
1491 1977 1622 2019 here-

137 2042 316 2084 ditatem
343 2058 462 2083 suam
486 2043 580 2083 sine
608 2042 768 2083 relevio
794 2052 835 2084 et
864 2044 957 2084 sine
987 2043 1089 2084 fine.

193 2144 235 2185 4.
273 2145 431 2185 Custos
482 2154 597 2186 terre
646 2145 897 2201 hujusmodi
948 2146 1125 2188 heredis
1174 2146 1249 2204 qui
1297 2147 1408 2188 infra
1461 2156 1619 2189 etatem

138 2211 280 2263 fuerit,
313 2228 400 2252 non
429 2213 571 2269 capiat
595 2213 648 2254 de
675 2221 790 2254 terra
818 2213 994 2255 heredis
1021 2214 1104 2255 nisi
1133 2214 1423 2256 racionabiles
1454 2214 1616 2266 exitus,

137 2287 180 2320 et
215 2279 506 2321 racionabiles
544 2280 911 2332 consuetudines,
943 2290 984 2322 et
1021 2282 1303 2323 racionabilia
1341 2282 1546 2333 servicia,
1578 2291 1620 2324 et

135 2347 218 2387 hoc
241 2347 334 2387 sine
357 2347 657 2389 destructione
680 2357 722 2389 et
741 2357 861 2389 vasto
884 2348 1111 2390 hominum
1134 2349 1199 2389 vel
1226 2366 1395 2400 rerum3
1423 2358 1466 2391 et
1485 2350 1520 2391 si
1539 2366 1619 2391 nos

136 2414 482 2456 commiserimus
511 2416 754 2457 custodiam
789 2416 972 2473 alicujus
1006 2416 1105 2458 talis
1133 2425 1249 2458 terre
1278 2417 1523 2459 vicecomiti
1553 2418 1619 2458 vel

137 2481 265 2522 alicui
291 2481 363 2523 alii
385 2482 458 2539 qui
481 2483 534 2525 de
557 2484 745 2525 exitibus
771 2484 887 2525 illius
913 2484 1041 2525 nobis
1070 2485 1340 2542 respondere
1369 2485 1548 2535 debeat,
1577 2494 1620 2526 et

177 2628 192 2657 1
232 2628 324 2658 Cette
349 2629 483 2661 charte.
509 2641 573 2670 que
597 2631 725 2660 Stubbs
750 2641 769 2660 a
791 2631 948 2671 publie'e,
971 2642 1004 2671 p.
1028 2632 1098 2667 288,
1120 2631 1256 2672 d'apres
1278 2632 1327 2661 les
1344 2634 1491 2662 Statutes
1510 2633 1548 2673 os
1564 2632 1621 2662 tlte

137 2668 252 2705 realm,
272 2669 433 2700 Charters
455 2672 491 2701 of
506 2671 672 2708 libertics,
692 2683 726 2712 p.
745 2675 774 2708 5,
797 2676 849 2702 est
865 2672 963 2702 date'e
984 2672 1029 2702 du
1046 2673 1083 2702 21
1100 2683 1177 2702 nov.
1204 2673 1299 2709 121&
1319 2673 1352 2702 la
1378 2674 1619 2704 confirmation

135 2710 463 2782 (γίιέἱιιῖιιὲεθιῇῐᾶὲὲἔει
480 2712 524 2742 du
542 2714 580 2742 30
601 2723 693 2743 mars
710 2714 799 2744 1215.
816 2713 924 2753 Voyez
944 2713 1112 2751 Pouhast,
1137 2715 1278 2755 Regesta
1286 2714 1487 2754 pontificum
1502 2725 1616 2744 roma-
