1955 3308
293 230 329 258 '12
636 229 832 258 (JilARTh's
859 229 938 259 Dfis
964 222 1175 259 LHJERTES
1201 230 1439 259 AN‘iLnsiiS

291 305 364 362 qui
401 322 573 363 semper
610 307 832 347 consuevit
875 307 999 347 bonis
1036 308 1205 347 artib11÷
1242 306 1435 347 inridere
1477 308 1564 347 suis
1603 308 1774 349 callidis

292 373 475 424 artibus,
500 374 706 414 adversus
729 390 825 414 eam
847 375 1032 415 barones
1051 375 1207 432 Anglie
1225 375 1458 415 concitavit
1477 375 1531 415 ita
1554 384 1595 415 ut
1623 376 1778 416 ordine

293 457 496 498 perverso
520 441 562 482 in
591 441 711 482 illum
740 442 1035 499 insurgerent,
1063 451 1296 499 postquam
1323 458 1559 483 conversus
1589 442 1776 484 ecclesie,

291 510 518 559 satislecit‚
549 510 622 566 qui
655 510 920 550 assistebant
947 509 1086 550 eidem
1122 510 1296 567 quando
1319 511 1548 551 ecclesiam
1575 509 1775 551 offende-

292 578 378 618 bat.
401 579 504 618 Orta
526 577 743 634 siquidem
763 577 965 617 intereos
983 577 1272 618 dissensionis
1292 578 1486 628 materia,
1514 577 1778 634 cumplures

292 646 385 687 dies
409 646 559 686 statuti
579 645 764 686 fuissent
784 645 836 686 ad
855 646 1131 686 tractandum
1155 646 1206 686 de
1230 663 1334 703 paee
1357 646 1578 703 utrinqne,
1598 645 1778 687 interim

293 713 558 770 sollempnes
585 712 728 754 nuntii
754 713 807 753 ad
830 721 1023 754 nostram
1054 713 1229 754 fuerunt
1257 713 1524 771 presentiam
1551 713 1775 762 destinati,

294 797 390 822 cum
413 781 589 838 quibus,
618 781 768 821 habito
791 780 995 839 diligenti
1016 789 1219 830 tractatu,
1245 790 1344 838 post
1368 782 1540 838 plenam
1563 781 1777 822 delibera-

294 849 458 889 tionem
502 849 759 904 scripsimus
792 864 870 905 per
909 849 1087 889 eosdem
1134 849 1470 906 archiepiscopo
1517 858 1558 889 et
1605 848 1779 905 episco-

295 916 361 972 pis
390 916 649 974 anglicanis,
679 916 967 973 precipiendo
1004 916 1262 957 mandantes
1298 925 1340 957 ut
1370 917 1422 957 ad
1456 915 1779 957 reformandum

294 984 409 1026 inter
433 992 640 1040 utrosque
662 982 811 1025 veram‘
829 993 870 1024 et
890 984 1064 1041 plenam
1088 984 1370 1025 concordiam
1393 983 1585 1038 diligens
1610 983 1778 1040 impen-

293 1052 449 1093 derent
485 1053 678 1092 studium
711 1061 753 1093 et
791 1069 967 1109 operam
996 1051 1236 1102 efficacem,
1271 1068 1422 1093 omnes
1453 1052 1779 1107 conjuratione-s

295 1129 337 1161 et
361 1119 726 1176 conspirationes,
758 1121 881 1176 sique
912 1119 1082 1160 fucrant
1112 1119 1220 1160 forte
1249 1128 1503 1176 presumpte
1535 1135 1554 1159 a
1582 1127 1780 1175 tempore

293 1189 471 1229 suborte
506 1187 725 1228 discordie
752 1189 866 1228 inter
893 1204 1073 1245 regnum
1110 1196 1151 1228 et
1186 1187 1497 1236 sacerdotium,
1538 1187 1778 1244 apostolica

294 1255 613 1296 denunciantes
642 1255 902 1297 auctoritate
933 1264 1123 1297 cassatas
1147 1264 1187 1296 et
1214 1272 1292 1312 per
1314 1253 1780 1296 excommunicationis

295 1323 559 1365 sententiam
595 1323 847 1365 inhibentes
891 1340 941 1364 ne
982 1324 1084 1365 talia
1120 1324 1325 1364 decetero
1360 1331 1720 1380 presumerentur
1759 1339 1778 1362 a

296 1409 531 1450 quoquam,
559 1402 782 1451 magnates
807 1401 847 1433 et
876 1392 1047 1433 nobiles
1064 1392 1222 1450 Anglie
1246 1392 1464 1433 monendo
1485 1392 1724 1449 prudenter
1742 1400 1780 1431 ct

296 1462 356 1501 eis
401 1460 635 1501 efficaciter
674 1460 948 1519 injungendo
992 1469 1035 1501 ut
1073 1477 1151 1517 per
1190 1460 1414 1501 manifesta
1453 1460 1699 1500 devotionis
1741 1468 1781 1499 et

295 1529 555 1570 humilitatis
586 1528 740 1570 inditia
771 1529 911 1586 ipsum
947 1545 1093 1587 regem
1128 1528 1211 1569 sibi
1244 1528 1416 1584 placare
1453 1528 1698 1577 studerent,
1734 1543 1780 1568 ac

295 1595 472 1646 deinde,
502 1595 534 1636 si
563 1596 667 1652 quid
689 1597 742 1637 ab
769 1612 818 1637 eo
841 1596 1056 1637 ducerent
1078 1595 1407 1652 postulandum,
1432 1611 1517 1636 non
1540 1595 1782 1635 insolenter

297 1665 373 1705 scd
396 1664 622 1705 humiliter
638 1663 942 1721 implorarent,
968 1665 1159 1722 regalem
1177 1664 1213 1705 ci
1233 1671 1545 1705 conservantes
1568 1663 1780 1704 honorem

296 1741 337 1773 et
374 1732 632 1773 exhibentes
667 1731 841 1773 servitia
877 1741 1083 1773 consueta
1124 1748 1208 1789 que
1246 1731 1331 1789 ipsi
1368 1739 1409 1772 et
1443 1730 1781 1788 predecessores

296 1817 444 1842 eornm
469 1800 551 1841 sibi
574 1808 617 1840 et
639 1800 728 1841 suis
751 1800 1143 1857 predecessoribus
1170 1799 1497 1857 impenderunt,
1522 1815 1617 1839 cnm
1642 1798 1693 1838 ab
1719 1801 1781 1838 cis

298 1868 389 1925 ipse
423 1884 499 1908 rex
535 1884 618 1908 non
653 1868 835 1909 deberet
870 1869 1034 1925 absque
1065 1867 1227 1923 juditio
1260 1866 1457 1924 spoliari,
1491 1875 1538 1907 ut
1572 1865 1633 1907 sic
1663 1865 1780 1923 quod

298 1935 577 1977 intenderent
617 1945 798 1993 possent
837 1936 1004 1977 facilius
1045 1936 1263 1977 obtinere.
1306 1937 1394 1977 Nos
1436 1933 1551 1975 enim
1592 1934 1781 1975 eundem

298 2020 444 2062 regem
473 2020 550 2060 per
579 2004 746 2044 litteras
777 2012 948 2045 nostras
977 2004 1226 2062 rogavimus
1255 2013 1297 2044 et
1326 2001 1596 2052 monuimus,
1633 2010 1675 2042 et
1704 2017 1782 2058 per

297 2076 486 2128 prelatos
507 2071 889 2129 archiepiscopum
915 2080 957 2113 et
982 2071 1215 2129 episcopos
1238 2071 1549 2112 nichilominus
1573 2070 1716 2128 rogari
1740 2077 1781 2110 et

298 2139 462 2182 moneri
487 2139 802 2189 mandavimus,
826 2139 867 2180 in
892 2140 1194 2180 remissionem
1219 2137 1781 2196 sibipcccaminuminjun-

294 2217 448 2267 gentes
472 2208 676 2264 quatinus
699 2207 922 2264 predictos
948 2215 1173 2264 magnates
1196 2216 1236 2248 et
1260 2206 1430 2248 nobiles
1450 2205 1643 2263 benigne
1666 2213 1780 2245 trac-

295 2285 407 2318 taret
433 2284 473 2317 et
501 2277 640 2332 justas
667 2275 902 2332 petitiones
925 2291 1074 2315 eorum
1103 2275 1342 2316 clementer
1369 2273 1636 2322 admitteret,
1667 2280 1711 2313 nt
1741 2281 1781 2313 ct

298 2343 378 2401 ipsi
415 2343 732 2401 congaudendo
777 2351 1095 2402 cognoscerent
1139 2359 1235 2383 eum
1274 2343 1317 2383 in
1359 2341 1584 2382 meliorem
1621 2349 1778 2380 statum

295 2412 439 2454 divina
461 2411 598 2469 gratia
623 2428 717 2452 esse
743 2420 968 2462 mutatum,
994 2427 1040 2452 ac
1058 2428 1135 2468 per
1151 2412 1231 2452 hoc
1249 2410 1332 2467 ipsi
1355 2418 1395 2450 et
1419 2409 1604 2450 heredes
1629 2424 1778 2449 eorum

297 2479 379 2522 sibi
407 2488 449 2520 et
474 2479 712 2520 heredibus
737 2480 825 2520 suis
849 2479 1063 2520 deberent
1081 2477 1329 2536 promptius
1353 2485 1395 2518 et
1420 2476 1620 2517 devotius
1643 2476 1780 2516 samu-

295 2547 388 2599 lar‚i
416 2548 543 2605 pleni
567 2546 691 2588 eisin
711 2546 945 2597 xeniendo,
973 2546 1181 2587 morando
1209 2554 1251 2586 et
1274 2544 1522 2586 recedendo
1543 2545 1718 2585 securzit
1721 2552 1779 2584 ite

296 2631 529 2665 concessa3
552 2614 759 2671 itaquod‚
787 2615 820 2655 si
846 2615 954 2655 torte
979 2613 1181 2671 nequiret
1200 2614 1314 2654 intel
1332 2629 1404 2653 eos
1427 2611 1781 2668 c‹›11c01dia·plo-

297 2700 342 2723 xi·
351 2684 459 2732 nire,
487 2683 527 2723 in
546 2682 650 2723 cuii
654 2699 663 2722 1
681 2698 754 2723 sua
780 2698 856 2739 per
873 2691 1019 2739 putes
1042 2698 1191 2723 eorum
1207 2680 1447 2722 secundum
1465 2680 1606 2736 leoem
1624 2687 1666 2720 et
1682 2694 1779 2720 con-

297 2750 551 2795 siutudines
584 2751 704 2806 1e0ni
736 2750 912 2791 suborti
941 2749 1159 2793 dissensio
1185 2748 1420 2808 sopiiwetui.
1444 2717 1628 2798 Χςὶᾙιιῃ
1660 2755 1780 2787 antc-
