1955 3308
354 211 393 241 V.
416 228 456 233 —
479 210 651 241 GRANDE
676 209 847 240 CHARTE
871 209 925 238 DE
949 208 1054 239 JEAN
1080 208 1186 238 SANS
1211 209 1351 240 TERRE
1555 209 1592 238 31

170 290 240 330 21.
278 287 469 330 Comites
500 295 543 328 et
573 288 758 328 barones
793 303 878 327 non
916 286 1209 327 amercientur
1242 285 1326 326 nisi
1358 301 1436 342 per
1466 301 1592 342 pares

112 373 229 408 suos,
261 364 304 397 et
328 372 413 396 non
443 354 525 395 nisi
556 354 796 395 secundum
825 353 999 395 modum
1024 353 1188 394 delicti.

169 449 239 490 22.
277 448 430 490 Nullus
465 447 649 488 clericus
684 446 945 487 amercietur
977 446 1029 487 de
1061 446 1173 487 laico
1204 453 1456 486 tenemento
1489 462 1590 497 suo,

109 516 195 558 nisi
223 516 462 558 secundum
488 514 663 555 modum
690 515 873 556 aliorum
902 514 1226 571 predictorum,
1258 522 1300 555 et
1326 530 1413 555 non
1439 530 1594 555 secun-

109 585 211 626 dum
241 584 529 641 quantitatem
557 581 759 623 beneficii
783 583 849 623 sui
871 582 1177 623 ecclesiastici.

168 678 238 719 23.
276 679 366 719 Nec
406 676 506 717 villa
551 692 628 717 nec
662 677 793 716 homo
837 676 1128 734 distringatur
1168 676 1308 717 saccre
1348 684 1504 733 pontes
1538 675 1591 716 ad

111 746 309 803 ripariaS,
336 746 421 786 nisi
447 746 519 802 qui
545 745 596 785 ab
621 744 799 800 antiquo
822 751 863 784 et
885 744 1053 798 dejure
1078 744 1217 784 saccre
1241 743 1420 784 debent.

169 838 240 879 24.
277 839 432 880 Nullus
463 838 730 889 vicecomes,
770 837 1145 887 constabularius,
1187 845 1492 889 coronatores,
1531 837 1595 878 vel

111 906 183 947 alii
200 906 347 947 ballivi
372 907 524 957 nostri,
554 913 732 946 teneant
754 905 910 962 placita
936 921 1095 946 corone
1120 913 1286 946 nostre.

170 1001 241 1042 25.
282 1002 438 1043 Omnes
466 1004 710 1051 comitatus,
740 1000 968 1049 stands-edi,
999 1000 1278 1056 uwzpentalrii,
1309 1009 1347 1039 et
1373 1000 1594 1056 tretlzingi²

110 1072 195 1110 sint
231 1070 290 1109 [ιιῖ
324 1071 530 1126 antiquas
567 1070 723 1123 sirmas
761 1069 923 1125 absque
960 1068 1045 1108 ullo
1086 1071 1373 1118 incremento,
1409 1071 1597 1124 arecpttk

109 1138 336 1179 dominicis
365 1139 570 1177 manet-iis
602 1139 776 1176 nostr-is.

170 1231 240 1273 26.
280 1233 325 1273 Si
352 1232 514 1288 aliquis
542 1240 698 1272 tenc-ns
729 1230 782 1271 dc
819 1230 944 1270 nobis
978 1229 1135 1270 laicum
1167 1230 1340 1271 feodum
1370 1230 1595 1280 moriatur,

112 1307 155 1340 et
190 1299 432 1340 vicecomes
471 1299 537 1339 vel
571 1298 754 1338 ballivus
789 1306 938 1338 noster
972 1298 1181 1338 ostendat
1221 1298 1387 1338 litteras
1426 1306 1599 1338 nostras

111 1375 311 1424 patentes
338 1366 390 1407 de
413 1365 759 1407 summonicionc
790 1373 938 1405 nostra
966 1364 1018 1405 de
1042 1364 1191 1405 debito
1214 1365 1330 1422 quod
1360 1365 1594 1406 defunctus

112 1433 239 1475 nobis
268 1433 436 1484 debuit,
467 1434 595 1474 liceat
626 1432 870 1473 vicecomiti
895 1433 959 1472 vel
987 1432 1144 1473 ballivo
1177 1441 1328 1473 nostro
1360 1433 1598 1474 attachiare

112 1510 153 1543 et
190 1502 447 1543 imbrex-iare
492 1501 644 1542 catalla
686 1500 882 1541 defuncti
920 1500 1094 1540 inventa
1134 1501 1176 1540 in
1212 1501 1321 1542 laico
1359 1501 1507 1551 feodo,
1546 1500 1599 1541 ad

112 1569 349 1611 valenciam
387 1569 503 1610 illius
537 1568 698 1618 debiti,
734 1585 812 1625 per
843 1568 979 1609 visum
1011 1568 1216 1625 legalium
1257 1568 1500 1619 hominum,
1540 1567 1600 1609 ita

112 1645 257 1678 tamen
282 1635 400 1693 quod
422 1635 558 1676 nichil
584 1636 684 1676 inde
710 1644 975 1685 amoveatur,
1005 1636 1144 1676 donec
1174 1637 1446 1693 persolvatur
1472 1635 1599 1677 nobis

114 1705 311 1746 debitum
335 1704 451 1762 quod
475 1704 637 1745 clarum
662 1704 804 1755 suerit,
830 1713 872 1745 et
894 1704 1116 1745 residuum
1142 1704 1416 1761 relinquatur
1442 1720 1599 1746 execu-

114 1773 284 1813 toribus
321 1773 373 1813 ad
406 1772 653 1813 faciendum
683 1780 993 1813 testamentum
1029 1772 1249 1823 del'uncti3
1290 1782 1352 1824 ct,
1392 1773 1426 1813 si
1466 1771 1601 1812 nichil

114 1839 242 1881 nobis
287 1840 500 1881 debeatur
542 1839 595 1880 ad
637 1839 753 1896 ipso,
797 1841 941 1881 omnia
980 1839 1133 1881 catalla
1172 1841 1329 1882 cedant
1367 1840 1597 1891 defuncto,

115 1907 244 1948 salvis
267 1908 393 1948 uxori
420 1907 559 1964 ipsius
587 1916 628 1948 et
656 1907 804 1965 pueris
834 1907 1176 1949 racionabilibus
1204 1909 1403 1965 partibus
1434 1907 1539 1950 suis.

174 2009 245 2051 27.
283 2011 333 2050 Si
352 2010 511 2067 aliquis
533 2011 639 2051 libet·
660 2011 782 2051 homo
810 2013 1036 2052 &Messalas
1058 2012 1302 2062 (lacesserit,
1329 2012 1495 2053 (τιίαΙΙα
1517 2029 1600 2054 sua

111 2095 190 2136 pel·
225 2094 383 2119 manus
409 2082 753 2136 propinquormn
784 2089 1018 2134 parazelum
1053 2088 1092 2119 ct
1125 2083 1364 2121 anticorum
1392 2097 1597 2132 suornm,

111 2162 191 2203 pet·
230 2147 364 2186 visum
405 2146 580 2186 ecclesie
625 2147 962 2198 (li.s·c1·c'buanl111·,
1004 2147 1136 2188 salvi.»-
1178 2150 1409 2208 um'c'ulque
1450 2149 1602 2189 debitis

116 2229 197 2270 que
222 2214 452 2272 defimellts
475 2216 516 2254 ei
533 2215 728 2254 (lababat.

176 2306 246 2348 28.
283 2308 438 2349 Nullus
458 2307 826 2359 constabularius,
850 2308 916 2349 vel
940 2308 1048 2349 alius
1072 2308 1256 2349 ballivus
1277 2318 1438 2361 noster,
1458 2311 1602 2367 capiat

118 2373 247 2415 blada
269 2375 335 2415 vel
359 2375 442 2416 alia
468 2376 623 2416 catalla
652 2375 852 2431 alicujus,
879 2375 962 2416 nisi
989 2375 1132 2416 statim
1158 2376 1259 2416 inde
1288 2377 1442 2418 reddat
1467 2377 1601 2418 dena-

120 2441 228 2492 rios,
265 2451 337 2483 aut
367 2451 615 2500 respectum
649 2443 751 2484 inde
781 2443 943 2484 habere
980 2442 1120 2500 possit
1154 2443 1207 2484 de
1241 2443 1464 2485 voluntate
1497 2460 1604 2485 ven-

121 2507 294 2549 ditoris.

181 2601 250 2643 29.
287 2603 442 2645 Nullus
474 2604 824 2645 constabularius
853 2604 1092 2663 distringat
1118 2605 1308 2662 aliquem
1339 2605 1521 2646 militem
1550 2606 1603 2647 ad

123 2668 315 2710 dandum
340 2669 541 2712 denarios
564 2688 643 2729 pro
669 2671 867 2713 custodia
893 2673 1045 2724 castri,
1077 2674 1112 2713 si
1139 2673 1280 2714 facere
1301 2673 1487 2715 voluerit
1511 2689 1603 2714 cus-

126 2736 289 2777 todiam
318 2737 434 2778 illam
459 2739 504 2780 in
532 2739 709 2796 propria
732 2756 916 2797 persona
946 2756 1038 2792 sua,
1067 2740 1133 2781 vel
1158 2757 1237 2798 per
1264 2741 1396 2782 alium
1418 2741 1603 2798 probum
