1955 3308
337 214 374 243 78
678 212 873 243 CHARTES
897 211 977 242 DES
1002 202 1212 243 LIBERTES
1235 212 1472 243 ANGLAISES

338 306 417 331 nec
442 291 607 331 habent
635 290 860 331 libertates
889 305 994 346 quas
1026 290 1225 331 solebant
1250 289 1434 341 habere,
1462 290 1538 331 sed
1565 289 1806 331 voluntarie

339 357 644 399 excluduntur.

396 452 437 493 4.
476 452 679 494 Sentiunt
708 468 751 493 se
781 452 911 493 etiam
945 452 1151 493 multum¹
1176 461 1375 510 gravatos
1405 468 1536 510 super
1569 451 1652 493 hoc
1691 451 1809 508 quod

340 520 538 562 solebant
574 520 750 561 tractari
793 520 1032 561 secundum
1074 519 1278 561 articulos
1313 529 1542 561 contentos
1572 520 1616 560 in
1651 521 1808 577 Magna

341 588 515 639 Charta,
541 590 662 644 cujus
690 587 862 629 articuli
890 604 1040 629 omnes
1069 596 1167 628 sunt
1192 588 1341 628 omissi
1368 588 1412 628 in
1440 589 1577 644 majus
1603 587 1806 628 damnum

338 656 540 714 populi‘2;
562 665 742 713 propter
758 656 876 713 quod
891 665 1047 714 rogant
1067 655 1293 697 dominum
1309 664 1505 697 nostrum
1522 672 1669 714 regem
1692 654 1807 712 quod

339 724 442 765 velit
464 724 545 765 ista
573 724 794 782 corrigere
818 724 872 765 ad
893 725 1105 765 honorem
1133 740 1256 765 suum
1285 733 1324 764 et
1355 723 1634 765 salvationem
1655 722 1807 781 populi

341 808 422 833 sui.

399 886 440 927 5.
478 887 629 927 Preter
659 886 762 936 hec,
794 884 1080 926 communitas
1108 894 1223 926 terre
1260 885 1391 927 sentit
1423 885 1552 926 nimis
1581 901 1625 926 se
1659 899 1810 943 grava-

339 963 426 995 tam
455 953 508 995 de
537 953 671 995 assisa
700 954 892 1004 foreste,>
912 970 996 1010 que
1030 970 1117 995 non
1155 963 1219 995 est
1246 953 1461 995 custodita
1490 953 1601 994 sicut
1629 968 1811 994 consue—

340 1022 416 1073 vit,
446 1038 525 1063 nec
554 1023 713 1063 Charta
741 1022 900 1063 foreste
924 1021 1204 1072 observatum
1235 1021 1311 1062 sed
1338 1021 1447 1062 fiunt
1474 1020 1811 1062 attachiamenta

342 1106 421 1147 pro
445 1090 571 1131 libitu
598 1100 715 1131 extra
740 1090 918 1131 assisam
947 1089 1072 1131 aliter
1094 1106 1221 1147 quam
1244 1089 1337 1131 fieri
1364 1089 1604 1130 solebant3.

400 1186 440 1228 6.
480 1189 683 1228 Preterea
706 1195 797 1227 tota
821 1187 1109 1228 communitas
1139 1187 1271 1227 sentit
1293 1202 1337 1227 se
1361 1195 1577 1245 gravatam
1605 1185 1658 1225 (le
1684 1183 1811 1225 vecti-

342 1255 429 1313 gali
457 1255 671 1306 lanarum,
698 1255 814 1312 quod
844 1254 972 1296 nimis
997 1264 1061 1296 est
1088 1271 1319 1296 onerosum
1339 1272 1347 1304 3
1371 1253 1573 1294 videlicet
1597 1252 1650 1293 de
1675 1251 1811 1309 quoli-

344 1327 418 1367 bet
445 1339 570 1364 sacco
596 1323 885 1381 quadraginta
910 1323 1074 1364 solidos
1102 1331 1143 1363 et
1172 1323 1224 1363 de
1253 1323 1348 1362 lana
1379 1322 1510 1362 fracta
1535 1321 1587 1361 de
1617 1319 1811 1377 quolibet

345 1408 471 1433 sacco
509 1399 675 1448 septem
711 1406 892 1432 marcas.
925 1392 1037 1432 Lana
1070 1391 1183 1431 enim
1216 1390 1374 1447 Anglie
1409 1388 1604 1430 aseendit
1639 1388 1727 1428 sere
1760 1387 1812 1428 ad

342 1460 532 1501 valorem
559 1459 803 1501 medietatis
829 1460 963 1500 totius
988 1468 1119 1509 terre,
1144 1468 1185 1499 et
1207 1457 1392 1515 vectigal
1418 1457 1534 1513 quod
1558 1456 1660 1497 inde
1683 1454 1812 1496 solvi-

342 1537 414 1569 tur
439 1527 638 1569 ascendit
665 1527 717 1569 ad
739 1526 934 1585 quintam
963 1535 1130 1584 partem
1157 1525 1316 1567 valoris
1341 1525 1475 1566 totius
1499 1534 1631 1565 terre.

403 1623 442 1665 7.
481 1623 590 1677 Quia
639 1638 738 1663 vero
785 1621 1074 1662 communitas
1114 1630 1233 1678 optat
1281 1621 1492 1661 honorem
1541 1628 1583 1659 et
1629 1618 1812 1659 salutem

344 1690 522 1732 domino
559 1699 709 1731 nostro
748 1690 856 1748 regi,
896 1689 1005 1731 sicut
1045 1698 1219 1730 tenetur
1255 1688 1381 1738 velle,
1415 1703 1502 1728 non
1538 1686 1712 1727 videtur
1751 1685 1814 1726 eis

345 1759 462 1817 quod
493 1759 548 1800 sit
575 1759 627 1799 ad
653 1759 815 1799 bonum
847 1758 961 1815 regis
991 1758 1108 1815 quod
1138 1766 1327 1798 transeat
1356 1757 1400 1797 in
1430 1753 1700 1804 Flandriam,
1730 1753 1814 1794 nisi

344 1828 442 1884 plus
471 1836 584 1868 esset
610 1835 883 1867 assecuratus
909 1826 962 1867 (le
982 1825 1326 1868 Flandrensibus
1349 1841 1427 1882 pro
1455 1840 1498 1865 se
1520 1831 1561 1864 et
1584 1839 1662 1880 pro
1684 1830 1815 1880 gente

345 1911 437 1945 sua,
468 1904 526 1946 et,
549 1894 676 1936 simul
696 1910 791 1935 cuni
814 1895 913 1943 hoc,
942 1903 1123 1951 propter
1147 1902 1306 1934 terram
1328 1892 1473 1935 Scotie
1497 1908 1580 1949 que
1603 1890 1815 1932 rebellare

345 1963 502 2020 incipit
543 1964 639 2019 ipso
681 1962 924 2003 existente4
959 1962 1003 2003 in
1042 1971 1181 2012 terra3
1219 1970 1261 2002 et
1297 1961 1502 2002 estimant
1538 1959 1655 2016 quod
1693 1959 1817 2014 pejus

346 2031 520 2081 sacient,
545 2047 641 2072 cum
664 2029 890 2071 certificati
914 2030 1075 2071 fuerint
1094 2029 1211 2087 quod
1234 2045 1309 2070 rex
1328 2044 1444 2069 mare
1464 2026 1713 2077 transierit3
1738 2041 1817 2066 nec

348 2099 486 2140 solum
516 2115 593 2156 pro
620 2108 736 2140 terra
768 2098 935 2148 Scotie‚
967 2098 1043 2139 sed
1071 2098 1199 2139 etiam
1225 2113 1304 2154 pro
1338 2096 1466 2137 terris
1495 2095 1590 2136 aliis
1616 2110 1699 2152 que
1731 2108 1817 2134 non

348 2177 447 2209 sunt
480 2167 620 2208 adhuc
649 2167 777 2208 modo
805 2166 955 2207 debito
981 2166 1172 2207 stabilite
1186 2167 1214 2206 ὃ.

390 2396 418 2425 1.
444 2394 492 2425 Id.
515 2405 521 2424 2
541 2393 648 2425 multi.

390 2437 418 2466 2.
445 2436 491 2466 Id.
515 2446 520 2466 2
540 2435 663 2476 populo
684 2434 847 2464 universo.

390 2479 420 2507 3.
445 2477 494 2507 Id.
513 2487 519 2508 ζ
538 2476 714 2506 consuevit.

390 2521 419 2548 Ji.
445 2521 594 2548 Eseunce
618 2519 702 2547 dans
727 2518 937 2557 Rishanger:
965 2517 1124 2546 existente
1151 2515 1236 2545 dans
1264 2513 1511 2553 Walsingham.
1541 2512 1633 2542 Cette
1663 2510 1819 2540 derni'cre

350 2560 444 2599 lecon
464 2565 515 2590 cst
532 2560 759 2589 evidcmment
777 2559 809 2588 la
827 2559 949 2588 bonne,

392 2605 421 2632 5.
447 2602 494 2631 ld.
517 2612 521 2631 2
543 2600 748 2631 Stabilicace.
