1955 3308
319 198 374 228 I'V.
399 199 435 221 -’
459 189 666 229 PETITION
691 198 772 230 DES
797 198 968 229 BARONS
994 199 1018 228 A
1041 198 1147 228 JEAN
1173 198 1279 229 SANS
1305 200 1445 230 TERRE
1585 201 1623 231 19

199 274 270 316 26.
305 276 372 317 Ne
404 274 570 331 aliquid
602 275 731 316 detur
761 291 840 332 pro
872 276 992 317 brevi
1024 276 1325 331 inquisitionis
1353 276 1406 316 de
1438 278 1524 316 vita
1558 284 1626 323 vel

143 340 366 392 membris,
396 341 472 382 sed
496 341 633 382 libere
658 342 926 383 concedatur
953 342 1046 383 sinc
1074 342 1217 398 pretio
1244 351 1285 383 et
1306 358 1394 382 non
1423 351 1620 400 negetur.

198 434 268 475 27.
308 436 355 477 Si
380 435 537 492 aliquis
565 444 685 476 tonet
710 436 762 476 de
791 452 893 493 rege
924 453 1001 493 per
1031 436 1145 477 feodi
1178 436 1360 486 firmam,
1391 452 1470 493 per
1498 438 1625 478 soka-

138 501 281 560 gium,
306 502 373 543 vel
403 518 481 559 per
508 503 787 561 burgagium,
816 511 857 543 et
889 503 941 544 de
968 502 1050 544 alio
1079 518 1158 558 per
1188 503 1413 544 servitium
1443 503 1619 555 militis,

139 572 342 614 dominus
371 588 446 614 rex
474 589 558 613 nou
588 573 767 614 habebit
792 573 1035 614 custodiam
1062 573 1247 614 militum
1279 574 1332 614 de
1358 574 1482 615 feodo
1513 574 1621 614 alte-

140 639 246 689 rius,
277 640 508 680 occasione
534 640 736 697 burgagii
763 640 830 681 vel
858 641 1041 698 sokagii,
1071 656 1150 681 nec
1176 640 1306 681 debet
1332 641 1498 682 habere
1527 657 1625 682 cus-

139 706 303 748 todiam
338 707 562 765 burgagii,
605 707 796 765 sokagii,
838 709 905 749 vel
944 708 1056 749 feodi
1096 708 1246 758 lirme3
1283 717 1325 749 ct
1361 709 1478 766 quod
1515 709 1626 750 liber

139 775 272 815 homo
305 790 392 816 non
425 776 593 816 amittat
628 775 826 816 militiam
857 792 977 816 suam
1008 776 1240 816 occasione
1270 791 1499 832 parvarum
1538 792 1624 817 ser-

141 840 425 899 gantisarum,
459 842 585 883 sicuti
618 842 670 883 de
704 843 787 883 illis
825 843 899 899 qui
932 851 1086 883 tenent
1116 842 1295 899 aliquod
1327 851 1625 884 tenementum

141 909 370 950 reddendo
399 909 501 950 inde
528 909 730 951 cuttellos
759 910 824 951 vel
850 910 1030 967 sagittas
1057 910 1121 951 vel
1149 910 1416 966 hujusmodi.

199 1002 270 1044 28.
307 1004 369 1045 Ne
404 1003 562 1060 aliquis
592 1003 776 1044 ballivus
809 1004 949 1060 possit
982 1020 1146 1061 ponere
1182 1004 1370 1061 aliquem
1399 1004 1451 1045 ad
1484 1005 1625 1063 legem

142 1073 331 1130 simplici
355 1073 528 1130 loquela
554 1089 628 1115 sua
656 1075 748 1115 sine
777 1074 964 1115 testibus
988 1075 1208 1115 fidelibus

199 1167 268 1209 29.
306 1169 368 1210 Ne
390 1184 548 1225 corpus
572 1168 698 1209 liberi
727 1169 916 1210 hominis
945 1170 1157 1226 capiatur,
1184 1186 1264 1211 nec
1293 1171 1622 1226 imprisonetur,

142 1251 222 1276 nec
254 1235 545 1287 dissaisietur,
588 1252 665 1277 nec
707 1236 945 1293 utlaga-tur,
987 1253 1064 1277 nec
1109 1237 1324 1288 exuletur,
1366 1254 1443 1278 nce
1478 1237 1625 1294 aliquo

143 1303 271 1344 modo
301 1303 565 1353 destruatur,
594 1320 674 1345 nec
698 1320 771 1345 rex
802 1313 870 1345 eat
896 1305 960 1345 vel
991 1305 1134 1346 mittat
1166 1322 1296 1363 super
1321 1322 1418 1346 euin
1449 1305 1510 1357 vi,
1542 1306 1627 1346 nisi

142 1387 221 1428 per
243 1370 449 1427 juditium
470 1370 640 1428 parium
666 1388 842 1413 suorum
870 1373 935 1412 vcl
964 1389 1042 1429 per
1065 1373 1207 1432 legem
1232 1382 1364 1414 terre.

200 1464 270 1507 30.
306 1466 370 1508 Ne
390 1467 461 1522 jus
485 1466 699 1507 vendatur
723 1466 789 1507 vel
817 1466 1068 1507 dill'erratur
1091 1468 1180 1523 (sic)
1200 1468 1265 1508 vel
1288 1467 1468 1509 vetitum
1493 1467 1563 1508 sit.

200 1558 269 1599 31.
309 1558 436 1612 Quod
474 1569 737 1601 mercatores
779 1561 968 1601 habeant
1009 1560 1169 1601 salvum
1211 1561 1270 1602 ire
1310 1570 1353 1601 ct
1391 1562 1538 1602 venire
1573 1561 1626 1603 acl

143 1626 376 1667 emendum
403 1625 468 1666 vel
504 1627 806 1677 vendendum,
841 1628 934 1669 sine
969 1629 1170 1669 omnibus
1213 1628 1334 1668 malis
1371 1628 1509 1680 toltis,
1548 1646 1626 1686 per

144 1694 345 1750 antiquas
373 1701 415 1734 et
443 1703 583 1735 rectas
612 1695 972 1737 consuetudines.

202 1786 273 1828 32.
308 1789 372 1830 Ne
395 1789 638 1846 scutagium
659 1790 725 1831 vel
748 1789 954 1831 auxilium
976 1798 1164 1846 ponatur
1187 1790 1231 1830 in
1256 1806 1412 1847 regno,
1442 1790 1523 1831 nisi
1549 1807 1626 1848 per

145 1870 373 1896 commune
395 1856 625 1897 consilium
646 1857 786 1915 regni,
808 1856 888 1898 nisi
914 1857 966 1898 ad
989 1873 1146 1915 corpus
1164 1858 1279 1915 regis
1303 1857 1622 1908 redimendum,

145 1930 188 1963 et
213 1921 555 1980 primogenitum
586 1923 722 1965 filium
755 1941 878 1965 suum
911 1924 1094 1965 militem
1125 1925 1391 1975 faciendum,
1425 1933 1467 1966 et
1494 1925 1623 1966 filiam

147 2005 266 2031 suam
287 1991 627 2048 primogenitam
652 1992 784 2033 semel
806 1992 1118 2043 maritandam3
1147 2000 1189 2034 et
1212 1993 1264 2033 ad
1290 1993 1371 2033 hoc
1396 1992 1469 2033 fiat
1494 1994 1625 2034 ratio-

146 2056 290 2097 nabile
314 2057 537 2098 auxilium.
570 2058 711 2100 Simili
742 2059 870 2100 modo
898 2059 972 2100 fiat
997 2060 1050 2100 de
1076 2059 1281 2117 taillagiis
1309 2068 1351 2100 et
1374 2060 1546 2100 auxiliis
1572 2060 1625 2117 de

145 2123 318 2165 civitate
361 2125 558 2166 London.
606 2135 648 2167 et
688 2126 739 2167 dc
772 2126 867 2167 aliis
905 2126 1154 2168 civitatibus
1189 2144 1272 2185 quc
1318 2127 1420 2168 inde
1463 2128 1626 2169 habent

145 2191 387 2243 libertates,
428 2201 470 2233 et
506 2201 552 2233 ut
592 2193 742 2234 civitas
794 2194 991 2235 London.
1045 2194 1173 2251 plene
1223 2196 1383 2235 habeat
1423 2196 1626 2252 antiquas

144 2258 370 2300 libertates
407 2268 449 2300 et
486 2260 646 2301 liberas
689 2261 1030 2302 consuetudines
1069 2278 1190 2314 suas,
1232 2271 1317 2303 tam
1355 2279 1432 2318 per
1467 2279 1623 2320 aquaS,

147 2340 276 2382 quam
303 2342 383 2383 per
411 2335 567 2368 terras.

203 2418 273 2460 33.
310 2421 367 2462 Ut
401 2421 528 2462 liceat
565 2421 801 2495 unicuique
837 2423 953 2463 exile
987 2423 1040 2464 de
1077 2439 1212 2481 regno
1243 2432 1284 2464 et
1319 2424 1479 2476 rediie,
1513 2426 1626 2466 salia

146 2485 232 2526 fide
266 2486 431 2528 domini
468 2488 607 2547 regis,
643 2488 728 2529 nisi
761 2497 960 2546 tempore
993 2507 1133 2532 uene
1168 2508 1247 2568 pei
1283 2492 1460 2549 aliquod
1497 2494 1626 2535 biexe

145 2563 317 2612 tempus
338 2565 521 2614 propter
545 2574 817 2599 communem
845 2559 1076 2601 utilitatem
1100 2562 1238 2619 regni.

204 2648 275 2690 34.
314 2651 361 2691 Si
396 2651 493 2707 quis
534 2661 682 2693 mutuo
718 2652 884 2709 aliquid
925 2655 1143 2711 acceperit
1182 2670 1203 2695 a
1244 2655 1391 2696 Judeis
1426 2657 1523 2712 plus
1560 2657 1627 2698 vel

148 2716 316 2768 minus,
345 2726 389 2758 et
415 2719 623 2760 moriatur
650 2728 883 2777 antequam
911 2720 1107 2762 debitum
1133 2722 1241 2763 illud
1269 2723 1475 2775 solvatur,
1503 2723 1629 2766 debi-
