1955 3308
510 218 598 248 viu.
621 235 661 240 -
682 216 852 248 CHARTE
876 216 930 247 DE
954 215 1006 246 LA
1030 207 1170 247 FORET
1537 217 1576 246 69

110 299 184 339 bat
213 305 256 338 et
291 296 457 338 debuit.
488 295 554 337 Illi
589 303 730 336 autem
766 294 838 351 qui
874 302 1049 351 portant
1080 309 1211 350 super
1241 293 1419 334 dorsum
1453 309 1576 334 suum

109 365 309 415 buscam‚
339 363 569 414 corticem,
595 363 659 404 vel
687 363 944 411 carbonem,
973 361 1026 402 ad
1055 360 1352 412 vendendum,
1383 361 1577 418 quamvis

109 432 211 474 inde
234 432 394 483 vivant,
422 431 588 473 nullum
614 431 667 472 de
691 439 836 472 cetero
858 429 964 471 dent
985 427 1316 487 chiminagium.
1343 430 1406 469 De
1432 429 1577 470 boscis

110 509 253 541 autem
292 499 472 540 aliorum
510 499 675 540 nullum
712 498 839 539 detur
878 496 1189 555 chiminagium
1227 496 1456 537 soristariis
1490 498 1576 552 (sic)

110 568 287 619 nostris,
312 576 588 624 preterquam
619 566 671 608 de
697 566 931 607 dominicis
957 565 1102 606 boscis
1126 564 1327 605 nostris¹.

170 661 236 703 15.
275 663 436 703 Omnes
468 662 647 719 utlagati
681 677 760 718 pro
796 661 956 701 foresta
988 668 1154 701 tantum
1187 674 1208 700 a
1237 667 1434 716 tempore
1463 658 1578 717 regis

112 730 287 771 Henrici
309 729 372 770 avi
401 729 539 771 nostri
561 745 697 786 usquc
723 728 776 770 ad
797 728 980 785 primam
1007 726 1340 769 coronacioncm
1362 734 1575 775 nostram,

110 797 284 838 veniant
311 797 362 838 ad
390 813 540 854 pacem
567 806 758 838 nostram
783 797 875 837 sine
904 794 1222 852 inpedimento,
1253 802 1294 835 et
1320 794 1458 835 salvos
1486 794 1579 852 ple-

111 866 206 923 gios
242 865 463 907 inveniant
499 865 614 922 quod
651 865 704 906 de
742 872 886 906 cetero
927 879 1014 904 non
1050 861 1319 904 forisfaciant
1358 862 1485 903 nobis
1526 862 1578 904 de

111 934 269 975 foresta
297 941 459 975 nostra.

171 1026 237 1068 16.
274 1027 426 1069 Nullus
458 1027 718 1068 castellanus
738 1026 804 1066 vel
827 1025 964 1066 alius2
990 1033 1135 1066 teneat
1158 1024 1316 1081 placita
1339 1023 1391 1065 de
1420 1024 1578 1065 foresta

111 1096 198 1135 sive
226 1095 279 1136 de
303 1094 428 1135 viridi
455 1095 542 1136 sive
571 1095 622 1135 de
650 1094 907 1141 venacionc,
936 1093 1012 1133 sed
1040 1092 1226 1149 quilibet
1252 1092 1503 1133 forestarius
1526 1091 1579 1132 de

111 1162 238 1203 feudo
275 1162 481 1203 attachiet
518 1161 675 1219 placita
708 1161 761 1202 de
803 1162 960 1201 foresta
996 1168 1079 1200 tam
1116 1160 1168 1200 dc
1203 1159 1330 1200 viridi
1365 1175 1492 1216 quam
1527 1159 1579 1200 de

110 1229 367 1281 venacione,
398 1239 439 1271 et
464 1246 510 1271 ea
533 1237 755 1287 presentet
782 1228 1000 1269 viridariis
1027 1227 1371 1284 provinciarum,
1399 1236 1454 1277 et,
1481 1243 1576 1268 cum

111 1297 336 1338 irrotulata
369 1297 527 1339 fuerint
556 1306 595 1337 et
625 1298 704 1338 sub
738 1296 894 1353 sigillis
921 1296 1222 1337 viridariorum
1256 1295 1445 1344 inclusa,
1478 1311 1578 1352 pre-

112 1374 339 1406 sententur
363 1365 536 1423 capitali
564 1354 819 1406 forestario-3
846 1381 942 1405 cum
969 1363 1010 1404 iu
1042 1372 1187 1421 partes
1210 1363 1304 1404 illas
1332 1364 1500 1405 venerit
1526 1363 1578 1404 ad

110 1433 344 1474 tenendum
370 1433 526 1491 placita
557 1434 730 1482 foresto,
761 1441 801 1473 et
830 1448 972 1473 coram
1001 1447 1051 1472 eo
1078 1432 1382 1472 terminentur.

171 1527 236 1568 17.
275 1529 358 1569 Has
395 1537 537 1569 autem
570 1528 791 1568 libertates
823 1527 875 1567 de
903 1527 1073 1567 forestis
1107 1526 1403 1567 concessimus
1437 1525 1577 1566 omni-

110 1596 211 1645 bus,
241 1595 368 1636 salvis
397 1595 763 1652 archiepiscopis,
790 1594 1030 1651 episcopis,
1057 1593 1312 1643 abbatibus,
1336 1593 1574 1650 prioribus,

110 1664 364 1713 comitibus,
392 1665 652 1713 baronibus,
679 1662 889 1703 militibus
917 1671 959 1703 et
990 1662 1084 1702 aliis
1105 1670 1192 1702 tam
1215 1661 1414 1718 personis
1437 1662 1576 1703 eccle-

110 1731 296 1772 siasticis
343 1748 471 1788 quam
516 1731 806 1781 secularibus,
856 1730 1114 1787 'l‘cmplariis
1160 1737 1202 1770 ot
1247 1729 1573 1786 llospitalariis,

110 1798 384 1840 libertatibus
416 1808 458 1840 et
487 1798 637 1840 liberis
666 1798 1058 1840 consuetudinibus
1086 1797 1129 1838 in
1162 1797 1334 1839 forestis
1359 1806 1401 1838 et
1432 1806 1572 1848 extra,

110 1866 152 1907 in
185 1868 400 1908 warennis
431 1875 472 1908 et
500 1866 611 1918 aliis,
645 1883 750 1923 quas
782 1867 901 1923 prius
936 1867 1197 1907 habuerunt.
1232 1868 1394 1907 Omnes
1432 1874 1574 1907 autem

110 1934 212 1975 istas
249 1935 588 1976 consuetudines
626 1934 844 1991 predictas
875 1943 916 1975 et
946 1934 1186 1983 libertates,
1217 1950 1323 1991 quas
1355 1933 1575 1975 eoncessi-

110 2019 202 2043 mus
224 2002 267 2042 in
286 2018 422 2060 regno
445 2011 594 2044 nostro
618 2002 828 2044 tenendas
851 2010 1058 2058 quantum
1081 2002 1133 2042 ad
1158 2018 1236 2042 nos
1260 2002 1452 2059 pertinet
1473 2018 1573 2060 erga

110 2079 296 2119 nostros,
336 2086 485 2111 omnes
523 2070 575 2111 de
612 2086 746 2127 regno
786 2069 962 2110 nosti-0²¹
994 2078 1083 2110 tam
1122 2069 1270 2110 clerici
1309 2086 1436 2126 quam
1478 2069 1574 2111 laici

108 2139 341 2179 observent
370 2147 578 2195 quantum
610 2138 664 2178 ad
697 2155 741 2179 se
778 2137 967 2195 pertinet
1003 2153 1105 2195 erga
1141 2153 1240 2178 suos
1256 2139 1285 2178 5.
1327 2137 1435 2192 Quia
1474 2154 1573 2179 vero

149 2277 178 2306 'l.
202 2277 295 2307 Cette
312 2277 466 2307 derni'ere
480 2277 606 2317 phrase
622 2278 756 2318 (depuis
772 2280 817 2307 De
836 2277 953 2318 boscis)
969 2287 1115 2317 manque
1131 2277 1215 2307 dans
1240 2278 1325 2308 [225.

150 2319 178 2347 2.
209 2318 264 2348 Vel
281 2318 369 2348 alius
387 2329 533 2359 manque
551 2319 636 2349 dans
655 2320 745 2349 1225.

150 2360 178 2389 3.
204 2360 281 2390 1225
296 2360 407 2400 ajoute
425 2371 430 2389 2
450 2364 574 2390 nostro.

150 2401 179 2430 4.
204 2401 266 2431 Les
287 2405 374 2431 mots
395 2413 400 2431 :
420 2405 488 2431 tam
506 2401 618 2432 clerici
635 2413 734 2442 quam
753 2401 843 2435 laici,
862 2406 1046 2442 manquent
1063 2401 1149 2432 dans
1165 2402 1255 2432 1225.

150 2444 178 2472 5.
203 2444 227 2472 A
242 2443 352 2482 partir
365 2443 405 2473 de
423 2448 475 2473 cet
489 2444 633 2478 endroit,
651 2444 683 2473 la
698 2443 872 2473 redaction
890 2443 1023 2473 (181225
1040 2453 1074 2473 se
1089 2444 1232 2474 termine
1248 2447 1440 2473 autrement
1457 2454 1462 2473 ;
1481 2444 1574 2474 «Pro

109 2483 173 2513 hac
193 2483 298 2523 igitur
318 2485 534 2515 concessione
558 2489 590 2514 et
609 2485 795 2515 donacione
816 2485 1017 2514 libertatum
1038 2485 1185 2514 istarum
1206 2489 1238 2514 et
1261 2485 1409 2514 aliarum
1429 2485 1573 2515 liberta-

110 2528 181 2554 tum
203 2529 438 2556 contentarum
451 2527 486 2556 in
506 2526 628 2566 majori
648 2531 742 2556 carta
764 2530 881 2555 nostra
898 2526 938 2555 de
955 2526 1032 2555 aliis
1053 2526 1286 2562 libertatibus.
1305 2526 1571 2567 archiepiscopi,

110 2566 279 2606 episcopi,
305 2566 463 2604 abbates,
492 2568 643 2609 priores,
669 2567 826 2602 comites,
852 2567 1016 2602 barones,
1041 2568 1186 2604 milites,
1212 2567 1319 2598 libere
1346 2572 1516 2603 tenentes,
1542 2573 1575 2598 et

109 2618 226 2637 omnes
247 2607 287 2637 de
313 2619 417 2649 regno
441 2614 575 2645 nostro,
599 2609 765 2639 dederunt
785 2609 883 2639 nobis
907 2609 1233 2649 quintamdecimam
1260 2614 1395 2649 partem
1421 2609 1574 2639 omnium

109 2648 287 2678 mobilium
304 2660 455 2680 suorum.
471 2650 709 2681 Concessimus
726 2650 832 2680 eciam
846 2650 975 2680 eisdem
992 2661 1054 2690 pro
1072 2651 1170 2681 nobis
1192 2654 1224 2680 et
1243 2650 1426 2681 heredibus
1447 2651 1574 2680 nostris

110 2690 200 2730 quod
221 2701 281 2720 nec
302 2701 362 2721 nos
380 2703 439 2722 nee
456 2692 598 2722 heredes
616 2693 724 2723 nostri
745 2692 874 2732 aliquid
895 2692 1133 2732 perquiremus
1154 2702 1215 2733 per
1229 2692 1318 2732 quod
1339 2693 1517 2722 libertates
1539 2692 1574 2722 in

108 2731 172 2761 hac
191 2736 286 2762 carta
304 2737 459 2764 contente
475 2734 709 2774 infringantur
731 2734 783 2763 vel
803 2734 1035 2766 infirmentur:
1055 2738 1098 2771 et,
1116 2734 1141 2763 si
1158 2734 1200 2763 ab
1220 2734 1334 2774 aliquo
1353 2733 1484 2773 aliquid
1498 2744 1576 2763 con-

108 2777 162 2804 tra
185 2773 248 2803 hoe
274 2774 500 2815 perquisitum
528 2776 645 2811 fuerit,
671 2774 776 2805 nichil
801 2775 912 2805 valcat
938 2779 970 2805 ct
992 2785 1055 2815 pro
1084 2775 1178 2805 nullo
1202 2776 1380 2806 habeatur.
1405 2775 1476 2805 Hiis
1501 2779 1573 2806 tes-
