1955 3308
315 227 353 256 38
658 223 855 254 CHARTES
881 223 961 253 DES
987 214 1198 254 LIBERTES
1223 223 1462 254 ANGLAJSES

317 311 500 352 trorum,
530 312 767 351 terrarum,
790 303 1132 358 possessionum,
1157 311 1193 341 el
1221 301 1320 341 aliis
1346 303 1482 342 modis
1507 304 1662 360 quibus
1681 313 1802 360 pote-

320 379 437 420 runt,
472 371 605 411 donee
633 371 771 427 suerit
797 368 1068 409 emendatum
1100 370 1334 409 secundum
1370 370 1600 410 arbitrium
1630 387 1800 419 eorum,

318 439 443 478 salva
467 453 659 495 persona
695 446 842 477 nostra
879 446 917 476 et
949 438 1095 493 regine
1127 445 1270 477 nostre
1301 446 1339 477 et
1370 437 1600 478 liberorum
1636 448 1804 479 nostro-

321 520 445 557 rum,·
477 515 515 545 et
544 521 638 545 cum
668 505 805 562 fuerit
833 504 1104 544 emendatum
1145 505 1362 545 intendent
1391 506 1514 545 nobis
1543 508 1654 546 sicut
1676 508 1806 563 prius

315 575 530 632 fecerunt.
554 573 611 612 Et
634 574 893 630 quicumque
921 571 1102 612 voluerit
1130 571 1181 611 de
1205 581 1324 612 terra
1340 575 1466 629 juret
1490 575 1607 630 quod
1625 575 1685 614 ad
1701 590 1806 630 pre-

321 642 435 682 dicta
459 642 606 681 omnia
628 639 878 697 exequenda
898 639 1071 695 parebit
1098 639 1319 679 mandatis
1333 641 1630 696 predictorum
1660 643 1813 698 viginti

321 711 509 768 quinque
543 708 752 748 baronum
772 742 780 757 ,
814 716 851 747 et
879 707 995 764 quod
1017 707 1223 763 gravabit
1251 723 1328 747 nos
1349 724 1429 764 pro
1453 724 1578 764 posse
1608 725 1685 749 suo
1711 725 1804 748 cum

324 778 442 834 ipsis,
463 784 501 816 et
520 792 597 815 nos
608 775 783 833 publice
799 784 837 815 et
856 775 987 815 libere
1006 775 1162 814 damus
1184 774 1408 815 licenciam
1423 776 1620 832 jurandi
1637 776 1809 816 cuilibet

323 846 400 902 qui
418 846 582 900 jurare
611 843 807 893 voluerit,
838 851 877 882 et
906 841 1019 882 nulli
1049 858 1252 899 umquam
1281 844 1437 896 jurare
1459 844 1805 900 prohibebimus.

327 913 484 953 Omnes
505 920 648 951 autem
677 911 770 951 illos
792 911 842 951 de
862 920 979 950 terra
1005 912 1178 967 rsuiper
1200 926 1244 950 se
1260 919 1298 950 et
1318 920 1467 967 sponte
1491 926 1571 951 sua
1593 911 1810 951 noluerim

322 982 478 1033 jurare
500 981 654 1036 viginti
672 980 861 1036 quinque
883 978 1120 1019 baronibus
1142 977 1192 1017 de
1214 978 1510 1035 distringendo
1531 988 1569 1018 et
1579 979 1808 1035 gravando

325 1064 400 1088 nos
435 1063 530 1087 cum
564 1049 640 1096 eis,
673 1047 890 1104 faciemus
920 1047 1078 1100 jurare
1113 1046 1277 1085 eosdem
1312 1047 1363 1086 de
1399 1046 1605 1086 mandato
1639 1055 1785 1087 nostro

324 1115 690 1173 sicutpredictum
715 1123 790 1154 est.
816 1115 872 1153 Et
889 1115 930 1153 si
947 1113 1107 1170 aliquis
1126 1113 1176 1153 de
1198 1115 1554 1171 vigintiquinque
1576 1115 1812 1155 baronibus

325 1184 570 1232 decesserit,
599 1182 706 1222 vela
737 1191 855 1222 terra
882 1183 1122 1230 recesserit,
1154 1181 1220 1221 vel
1238 1180 1386 1239 aliquo
1412 1181 1499 1222 alio
1528 1182 1651 1223 modo
1682 1184 1812 1239 impe-

326 1251 439 1291 ditus
462 1251 613 1308 fuerit,
638 1251 868 1307 quominus
893 1251 973 1289 ista
991 1249 1193 1305 predicta
1208 1259 1383 1305 possent
1405 1251 1581 1307 ereutii,
1607 1252 1685 1307 qui
1705 1252 1813 1290 resi-

327 1320 406 1358 dui
434 1319 600 1376 fuerint
636 1317 686 1357 de
713 1317 926 1375 predictis
965 1318 1119 1373 viginti
1149 1319 1339 1374 quinque
1381 1318 1616 1358 baronibus
1652 1318 1814 1375 eligant

328 1386 461 1427 alium
505 1386 594 1426 loco
637 1387 791 1442 ipsius,
825 1401 907 1442 pro
939 1385 1124 1424 arbitrio
1162 1401 1256 1434 suo,
1297 1386 1374 1442 (lui
1407 1385 1543 1425 simili
1574 1386 1697 1426 modo
1735 1388 1814 1426 erit

327 1456 506 1507 juratus
540 1469 622 1511 quo
658 1462 695 1493 ct
729 1455 872 1493 ceteri.
910 1453 959 1493 In
998 1453 1196 1493 omnibus
1239 1462 1379 1493 autem
1417 1469 1498 1510 (sue
1540 1455 1632 1494 istis
1669 1455 1821 1511 viginti

329 1524 519 1580 quinque
560 1521 797 1562 baronibus
838 1522 1167 1561 committuntur
1199 1521 1474 1578 eoeequenda,
1513 1523 1554 1561 si
1583 1522 1698 1579 forte
1738 1523 1820 1578 ipsi

330 1590 486 1646 viginti
508 1590 696 1646 quinque
719 1597 942 1645 presentes
964 1589 1147 1646 fuerint,
1176 1597 1213 1628 et
1240 1589 1350 1628 inter
1375 1604 1420 1628 se
1443 1604 1574 1645 super
1598 1605 1644 1629 re
1665 1588 1817 1647 aliqua

330 1657 691 1707 discordaverint,
712 1655 777 1697 vel
792 1655 935 1714 aliqui
953 1672 1005 1695 elz*
1026 1657 1086 1696 eis
1106 1656 1505 1696 sammonitinolint
1521 1656 1586 1697 vel
1603 1665 1818 1714 nequeant

333 1727 549 1773 iuteresse,
579 1734 721 1764 ratum
747 1724 963 1765 habeatur
982 1734 1019 1764 et
1038 1724 1215 1779 firmum
1243 1725 1359 1782 quod
1379 1726 1524 1780 major
1536 1741 1649 1782 pars
1671 1740 1816 1765 eorum

331 1795 409 1851 qui
432 1801 657 1850 presentes
683 1793 849 1850 fuerint
875 1792 1142 1848 providerit,
1173 1792 1239 1832 vel
1260 1793 1502 1849 preceperit
1529 1808 1581 1831 ac
1611 1794 1652 1832 si
1674 1807 1819 1832 omnes

333 1862 485 1918 viginti
506 1861 695 1918 quinque
722 1862 761 1899 in
789 1859 866 1900 lzoc
889 1862 1229 1911 consensissent5
1259 1869 1296 1900 et
1316 1860 1506 1916 predicti
1527 1861 1681 1917 viginti
1699 1861 1819 1917 quin-

333 1945 413 1985 que
425 1929 582 1985 jurent
602 1927 719 1985 quod
737 1929 883 1967 omnia
903 1927 1120 1967 antedicta
1142 1927 1332 1982 fideliter
1356 1927 1659 1978 observabunt,
1685 1936 1723 1967 et
1738 1943 1820 1984 pro

334 2006 418 2036 toto
434 2012 563 2053 posse
590 2011 667 2036 suo
695 1997 860 2053 facient
885 1995 1121 2035 observari.
1150 1996 1207 2035 Et
1234 2011 1310 2035 nos
1335 1995 1471 2035 m‘clu'l
1497 1995 1821 2053 impetrabimus

334 2065 388 2104 ub
414 2063 578 2122 aliquo,
599 2079 680 2119 per
709 2079 786 2103 nos
813 2079 889 2103 uec
910 2079 992 2119 per
1025 2063 1184 2113 alium,
1209 2079 1290 2120 per
1316 2064 1432 2121 quod
1454 2062 1605 2121 aliqua
1637 2064 1819 2104 istarum

335 2133 654 2172 concessionum
689 2141 726 2171 et
761 2131 1007 2171 libertatum
1044 2140 1266 2171 revocetur
1305 2131 1370 2171 vel
1404 2133 1657 2183 minuatur,·
1691 2140 1751 2180 et,
1786 2133 1826 2169 si

336 2200 507 2257 aliquid
530 2200 615 2239 tale
649 2201 921 2255 impetratan
947 2200 1099 2257 fuerit,
1133 2201 1301 2239 irritum
1332 2202 1386 2239 sit
1411 2208 1448 2239 el
1480 2201 1606 2239 inane
1629 2208 1666 2239 et
1697 2215 1822 2238 num-

337 2284 466 2325 quam
494 2284 539 2307 eo
572 2276 742 2307 utemur
764 2283 844 2324 per
869 2283 945 2307 nos
970 2283 1045 2307 nec
1064 2284 1147 2325 per
1173 2267 1323 2307 alium.

396 2361 467 2403 62.
505 2363 560 2401 Et
577 2377 722 2402 omnes
743 2361 886 2402 malas
905 2360 1161 2411 voluntates,
1185 2361 1526 2418 indignaciones,
1543 2370 1580 2401 et
1598 2377 1820 2410 rcuu·oreS‚

338 2439 455 2471 ortos
476 2431 586 2469 inter
606 2445 682 2469 nos
698 2438 736 2469 et
752 2429 944 2470 hanzines
965 2438 1151 2480 nostros,
1171 2429 1349 2469 clericos
1368 2438 1405 2469 et
1424 2429 1575 2480 laicos,
1591 2445 1615 2468 a
1638 2438 1824 2486 tempore

339 2498 568 2548 discordie,
595 2497 721 2553 plene
755 2498 951 2539 omnibus
986 2499 1231 2538 remisimus
1264 2506 1303 2537 et
1335 2497 1686 2538 condonavimus.
1719 2498 1824 2537 Pre-

339 2575 459 2606 terea
481 2581 626 2606 omnes
648 2567 1018 2622 transgressiones
1039 2566 1186 2622 factas
1211 2568 1434 2606 occasione
1455 2565 1645 2622 ejusdem
1666 2565 1824 2605 discor-

340 2633 422 2682 die,
447 2650 473 2673 a
495 2633 673 2673 Pascha
694 2649 808 2674 anno
829 2636 956 2691 regni
975 2635 1116 2674 nostri
1134 2634 1420 2675 sextodecimo
1445 2648 1577 2690 usque
1598 2633 1658 2673 ad
1671 2648 1823 2689 pacem

341 2702 650 2758 reformatam,
675 2702 801 2760 plene
827 2703 1072 2743 remisimus
1100 2702 1319 2751 omnibus,
1351 2701 1518 2741 clericis
1545 2710 1583 2741 et
1608 2700 1753 2750 laicis,
1789 2709 1826 2740 et

342 2778 551 2825 quantum
590 2769 650 2809 ad
685 2785 761 2808 nos
795 2772 982 2825 pertinet
1010 2770 1135 2826 plene
1171 2769 1523 2810 condonavimus.
1560 2770 1616 2809 Et
1653 2783 1826 2824 insuper
