1955 3308
448 213 517 243 vll.
543 231 582 235 -—
607 212 777 243 GRANDE
803 211 972 242 CHARTE
998 211 1050 240 DE
1076 211 1207 242 HENRI
1232 211 1276 241 111
1561 213 1599 241 [19

179 290 302 349 4(4).
340 292 497 332 Custos
530 298 645 330 terre
681 287 932 345 hujusmodi
970 287 1144 328 heredis
1183 287 1256 344 qui
1292 287 1401 328 infra
1439 296 1596 329 etatem

123 358 254 400 fuerit
279 374 366 399 non
388 357 530 414 capiat
554 357 607 398 de
630 365 745 397 terra
771 355 947 397 heredis
977 355 1059 396 nisi
1085 355 1365 396 rationabiles
1394 354 1535 396 exitus
1557 364 1599 396 et

122 425 403 468 rationabiles
435 424 778 466 consuetudines
816 432 858 464 et
889 422 1165 464 rationabilia
1199 422 1403 473 servicia,
1441 431 1483 463 et
1516 424 1597 464 hoc

123 494 215 535 sine
249 492 547 534 destructione
579 500 623 532 et
649 500 769 533 vasto
802 492 1027 532 hominum
1055 490 1149 532 vell
1185 507 1353 537 rerum;
1382 499 1425 531 et
1455 491 1490 531 si
1520 507 1598 531 nos

123 560 469 603 commiserimus
493 559 736 601 custodiam
765 558 947 615 alicujus
981 558 1078 599 talis
1108 566 1223 600 terre
1256 558 1498 599 vicecomiti
1532 558 1597 599 vel

123 628 250 670 alicui
279 627 351 669 alii
381 627 454 684 qui
483 628 535 669 de
561 627 748 668 exitibus
782 635 897 667 terre
928 626 1043 667 illius
1070 626 1196 667 nobis
1227 626 1384 667 debeat
1416 641 1597 682 respon-

123 696 248 748 dere,
280 705 322 737 et
352 695 425 737 ille
451 695 796 737 destructionem
824 694 877 735 de
908 693 1105 735 custodia
1134 692 1285 735 fecerit
1313 693 1379 734 vel
1406 702 1595 743 vastum,

123 780 201 806 nos
225 765 278 806 ab
304 764 408 805 111οῗ
433 763 653 821 capiemus
676 762 921 813 emendam,
947 771 989 803 et
1011 770 1125 803 terra
1148 760 1472 803 committetur-'²
1495 761 1598 802 duo-

122 833 203 874 bus
239 831 453 890 legalibus
488 840 530 872 et
559 831 762 872 discretis
796 829 1048 871 hominibus
1082 829 1136 870 de
1167 829 1296 870 feodo
1327 828 1402 869 illo
1437 828 1509 886 qui
1545 829 1598 869 de

122 899 308 941 exitibus
324 899 340 928 4
364 899 489 941 nobis
512 898 806 956 respondeant
829 898 893 939 vel
916 898 955 939 ei
978 898 1046 938 cui
1070 913 1145 938 eos
1161 899 1176 925 ἶ)
1199 896 1594 953 assignaverimus3

123 975 165 1008 et
192 968 227 1008 si
255 967 505 1008 dederimus
534 967 599 1008 vel
625 965 950 1007 vendiderimus
983 964 1110 1006 alicui
1143 964 1385 1006 custodiam
1416 964 1598 1021 alicujus

122 1034 220 1076 talis
254 1044 391 1085 terre,
423 1044 464 1076 et
501 1035 573 1076 illc
610 1034 955 1075 destructionem
985 1033 1087 1073 inde
1122 1032 1273 1073 fecerit
1308 1032 1373 1073 vel
1408 1040 1594 1078 vastum,

123 1101 292 1143 amittat
326 1102 463 1159 ipsam
501 1101 744 1144 custodiam
778 1110 819 1142 et
856 1101 1055 1142 tradatu··
1091 1100 1262 1141 duobus
1302 1100 1517 1156 legalibus
1557 1109 1599 1140 et

123 1169 324 1211 discretis
355 1169 607 1211 hominibus
642 1169 695 1210 de
729 1169 854 1210 feodo
893 1168 966 1209 illo
1001 1169 1074 1225 qui
1114 1168 1315 1209 similiter
1349 1168 1474 1208 nobis
1509 1184 1596 1208 res-

122 1237 368 1294 pondeant,
400 1238 513 1279 sicut
541 1237 786 1294 predictum
809 1245 890 1278 est.

180 1341 205 1381 5
224 1341 297 1398 (5).
336 1342 491 1381 Custos
521 1349 679 1391 autem,
707 1339 913 1397 quamdiu
939 1338 1181 1380 custodiam
1206 1347 1319 1379 terre
1335 1341 1350 1365 ¹⁵
1377 1339 1594 1387 habuerit,

123 1417 338 1449 sustentet
376 1408 542 1458 domos,
590 1424 760 1464 parcos,
802 1406 1005 1453 viv-armi
1050 1416 1218 1464 stagna,
1263 1406 1511 1448 molendina
1557 1416 1598 1448 (ft

120 1485 263 1517 cetera
299 1476 352 1516 ad
383 1484 544 1517 terram
573 1475 689 1516 illam
722 1474 996 1533 pertinencia
1028 1475 1081 1516 de
1110 1474 1299 1515 exitibus
1335 1483 1450 1516 terre
1482 1477 1598 1531 ejus-

120 1543 241 1594 dem,
267 1552 310 1585 et
337 1544 491 1585 reddat
521 1543 696 1594 heredi,
728 1559 823 1584 cum
853 1543 906 1583 ad
932 1543 1104 1600 plenam
1136 1551 1292 1584 etatem
1323 1544 1594 1600 pervenerit,

118 1619 278 1653 terram
304 1628 423 1653 suam
446 1620 580 1653 totam
609 1612 892 1652 instauratam
916 1610 969 1651 de
996 1611 1162 1651 carneis
1188 1620 1224 1650 et
1240 1613 1255 1636 ⁸
1277 1611 1475 1651 omnibus
1499 1611 1598 1651 aliis

119 1680 262 1730 rebus,
293 1680 352 1720 acl
378 1683 519 1719 minus
543 1679 775 1719 seeundum
808 1679 951 1736 (luocl‘J
980 1679 1098 1718 illum
1127 1682 1299 1736 recepit.
1337 1680 1423 1718 llec·
1451 1680 1599 1718 omnia

118 1748 396 1788 observentur·
420 1748 471 1788 de
505 1748 709 1789 custodiis
737 1747 1211 1805 arole[episcopatuum,
1245 1750 1594 1804 episcopatuum,

118 1816 413 1865 abbatiarum,
439 1817 742 1872 prioratuum,
773 1815 1053 1855 eeclesiarum
1081 1825 1119 1856 ot
1146 1816 1403 1872 (ligm'tatiun.
1436 1831 1597 1855 vac-an-

119 1886 229 1923 cium
257 1899 337 1940 que
365 1883 425 1923 ad
454 1899 530 1923 nos
556 1886 794 1941 pertinent,
826 1892 1000 1939 accepto
1028 1884 1144 1940 quod
1173 1883 1425 1939 hujusmodi
1454 1892 1597 1923 eusto-

119 1951 186 1992 die
210 1951 335 1992 vendi
357 1967 441 1992 non
469 1952 635 1992 debent.

175 2045 202 2087 6
220 2045 289 2102 (6).
329 2046 522 2087 Heredes
553 2046 810 2088 maritentur
834 2046 999 2103 absque
1027 2044 1400 2103 disparagatione.

178 2139 291 2197 7(7).
328 2140 469 2183 Vidua
503 2149 602 2198 post
637 2148 816 2181 mortem
849 2138 992 2181 mariti
1022 2139 1085 2180 sui
1118 2138 1262 2181 statim
1297 2148 1339 2181 et
1366 2140 1459 2181 sine
1489 2139 1597 2181 diffi-

119 2207 276 2249 cultate
319 2209 471 2266 aliqua
516 2208 675 2249 habeat
723 2207 998 2266 maritagium
1046 2223 1170 2248 suum
1219 2215 1262 2248 et
1307 2206 1595 2248 hereditatem

121 2291 260 2327 suam,
292 2291 370 2317 nec
398 2275 565 2333 aliquid
597 2275 670 2316 det
702 2292 780 2333 pro
812 2276 914 2317 dote
944 2292 1018 2317 sua
1050 2275 1115 2316 vel
1144 2292 1222 2332 pro
1257 2275 1485 2333 maritagio
1519 2290 1597 2316 suo

214 2440 302 2469 Dans
322 2441 400 2471 ‘1297
421 2451 426 2470 z
448 2444 490 2471 et.

215 2481 304 2510 Dans
320 2483 398 2512 ‘1297
414 2492 419 2511 :
436 2493 485 2512 eo.

213 2522 302 2552 Dans
324 2523 402 2552 1216
422 2528 454 2553 et
474 2524 551 2554 1217
577 2534 582 2553 z
603 2524 844 2554 committatur.

217 2563 290 2593 1297
310 2563 422 2603 ajoute
440 2574 446 2596 1
464 2568 549 2594 terre
568 2565 674 2595 illius.

214 2604 303 2634 Dans
323 2606 400 2635 1297
421 2616 426 2635 :
449 2605 499 2635 illi
518 2605 573 2635 cui
589 2606 677 2636 illos.

217 2645 294 2675 1297
313 2645 426 2686 ajoute
444 2657 449 2676 z
470 2647 675 2688 hujusmodi.

216 2687 259 2716 Le
278 2691 348 2717 mot
365 2687 492 2718 vivaria
510 2699 551 2719 ne
569 2700 604 2719 se
618 2693 739 2719 trouve
757 2699 819 2729 pas
835 2689 921 2719 dans
938 2689 1097 2729 l'origine
1112 2689 1152 2719 de
1172 2689 1335 2720 Durham.

184 2750 190 2756 .
217 2728 294 2757 ‘1297
317 2728 428 2768 ajoute
449 2740 455 2759 ;
475 2729 527 2760 de.

181 2791 187 2798 .
215 2769 306 2799 Dans
325 2770 401 2800 1297
420 2781 426 2800 2
446 2771 492 2800 ad
509 2771 617 2802 minas
634 2772 719 2802 sicut
739 2771 845 2802 illam.

157 2439 188 2798 ssoeflffiffffflw?

208 2827 238 2852 C.
255 2828 378 2853 ΒέΜοΝΤ.
393 2842 426 2848 -
442 2829 548 2855 Chat-tes
562 2830 605 2855 des
619 2829 718 2856 liber-eds
733 2831 871 2864 nglaises.
1513 2829 1528 2853 4
