1955 3308
449 212 518 241 vn.
544 229 583 233 —
607 210 779 241 GRANDE
804 208 977 239 CHARTE
1002 208 1055 237 DE
1082 207 1212 236 HENRI
1239 207 1283 236 111
1569 208 1607 235 53

128 308 247 341 num,
271 292 328 332 ita
344 300 489 331 tamen
509 288 625 345 quod
647 287 782 328 nichil
804 285 930 327 inde1
956 292 1203 325 amoveatur
1225 283 1365 324 donec
1389 283 1606 340 persolva-

127 368 198 401 tur
231 359 358 400 nobis
388 356 584 398 debitum
613 355 731 413 quod
768 354 931 395 clarum
964 351 1113 402 fuerit,
1150 359 1193 392 et
1222 350 1444 391 residuum
1474 349 1606 391 relin-

129 436 288 485 quatur
313 423 620 468 executoribus
643 423 696 465 ad
721 422 968 464 faciendum
992 427 1300 462 testamentum
1322 418 1538 469 defuncti3
1566 427 1607 459 et

129 495 164 536 si
210 494 347 535 nichil
386 493 514 534 nobis
558 492 769 533 debeatur
814 491 867 531 ab
906 489 1026 546 ipso,
1066 486 1209 529 omnia
1249 486 1403 527 catalla
1450 485 1608 527 cedant

128 563 357 613 defuncto,
389 560 516 603 salvis
544 559 668 601 uxori
704 559 842 617 ipsius
871 566 914 599 et
947 557 1096 615 pueris
1125 555 1243 597 suis?
1272 552 1606 596 rationabilibus

128 632 327 689 partibus
355 630 459 671 suis.

191 716 242 758 19
266 715 366 772 (28).
404 715 558 758 Nullus
604 712 953 755 constabularius
998 710 1063 751 vel
1104 711 1196 766 ejus
1241 708 1425 750 ballivus
1464 706 1609 764 capiat

130 785 258 826 blada
290 784 355 825 vel
387 784 468 824 alia
503 782 654 824 catalla
687 781 868 837 alicujus
900 782 976 837 qui
1005 795 1089 818 uon
1117 780 1170 818 sic
1198 777 1248 818 (le
1277 775 1379 816 villa
1408 776 1481 816 ubi
1511 791 1608 816 eas-

131 863 243 894 lrum
265 853 424 893 situmss
447 861 523 901 est,
550 849 632 891 nisi
667 848 811 891 statim
840 846 971 889 inde4
1002 845 1158 887 reddat
1186 843 1390 885 denarios
1417 851 1488 884 aut
1516 859 1607 884 res-

130 928 304 978 pectum
348 919 451 960 inde
498 919 657 959 habere
705 916 846 975 possit
888 915 941 956 dc
988 914 1211 954 voluntate
1256 910 1524 961 venditori53
1572 913 1609 951 si

131 998 273 1030 autem
304 988 355 1029 de
388 987 489 1028 oilla
516 991 608 1044 ipsa
636 987 791 1044 ficet-lc,
829 985 945 1042 iusi-(z
973 982 1270 1041 quadraginta
1300 980 1389 1021 dias
1410 982 1606 1038 precium

132 1057 285 1097 reddat
301 1057 332 1096 5.

190 1150 244 1192 20
271 1150 373 1206 (29).
411 1149 564 1192 Nullus
600 1145 950 1190 constabularius
991 1144 1228 1202 distringat
1266 1143 1453 1201 aliquem
1495 1141 1609 1183 mili-

130 1228 217 1261 tem
247 1218 300 1259 ad
334 1217 524 1258 dandum
557 1216 760 1257 denarios
787 1231 865 1272 pro
895 1213 1091 1254 custodia
1120 1213 1270 1262 castri,
1302 1211 1334 1252 si
1364 1210 1488 1268 ipse&
1516 1225 1609 1251 eam

132 1288 273 1328 facere
293 1285 478 1327 voluerit
500 1285 542 1326 in
562 1283 738 1341 propria
762 1298 947 1340 persona
971 1297 1061 1331 sua,
1087 1281 1152 1322 vel
1174 1296 1251 1337 per
1274 1279 1404 1321 alium
1422 1279 1608 1336 probum

133 1354 352 1396 hominem
365 1354 395 1403 7,
421 1352 455 1393 si
480 1353 572 1410 ipse
598 1367 691 1393 eam
719 1351 858 1391 facere
883 1366 969 1390 non
999 1349 1140 1406 possit
1163 1355 1345 1406 propter
1366 1346 1607 1388 rationabi-

130 1423 214 1463 lem
248 1437 419 1463 eausam
451 1428 513 1469 et,
552 1419 586 1460 si
623 1435 701 1460 nos
736 1417 1018 1459 duxerimusss
1053 1433 1149 1457 eum
1180 1416 1245 1457 vel
1280 1416 1525 1456 miserimus
1560 1415 1604 1455 in

132 1489 390 1539 exercitum,
416 1487 528 1529 erit”
552 1487 725 1544 quietus
751 1486 804 1527 (lc
833 1484 1030 1527 custodia
1058 1483 1298 1525 secundum
1322 1483 1608 1540 quantitatem

131 1556 341 1614 temporis
361 1573 446 1614 quo
468 1572 547 1613 per
569 1572 647 1596 nos
666 1553 851 1595 fueritin
877 1553 1069 1595 exercitu
1088 1553 1138 1593 dc
1153 1552 1280 1610 Ῑὲοιῖω
1300 1568 1383 1609 pro
1406 1567 1490 1609 quo
1508 1552 1612 1609 fecit

131 1629 356 1667 servicium
383 1628 425 1665 iu
450 1626 641 1664 excercitu
664 1623 710 1663 Ἡ).

191 1720 242 1760 21
272 1718 373 1775 (30).
410 1717 564 1760 Nullus
593 1717 853 1766 vicecomes,
886 1715 949 1756 vel
982 1715 1166 1756 ballivus
1200 1722 1365 1763 noster,
1399 1713 1465 1754 vel
1502 1712 1611 1754 alius

134 1786 275 1844 capiat
297 1802 433 1843 equos
455 1785 519 1826 vel
541 1793 726 1825 carettas
746 1784 927 1839 alicujus
953 1799 1032 1840 pro
1057 1782 1248 1838 eariagio
1275 1781 1490 1832 faciendo,
1526 1779 1610 1821 nisi

135 1856 288 1896 reddat
303 1854 597 1895 liberationem
619 1855 859 1910 (tuliqut'tus
880 1860 1107 1900 statutam,
1124 1851 1285 1890 scilicet
1301 1849 1422 1907 pro¹¹
1443 1857 1612 1889 carena

135 1923 194 1963 ad
218 1923 325 1963 duos
355 1938 485 1979 equos
512 1922 653 1961 decem
685 1921 889 1961 denarios
912 1935 992 1976 per
1016 1919 1152 1969 diem,
1183 1928 1220 1959 σι
1242 1934 1325 1975 pro
1354 1925 1523 1957 eat-etta
1554 1916 1615 1956 ad

135 2001 221 2032 tres
251 2006 380 2048 equos
410 1990 733 2047 quatuordeeim
767 1988 970 2028 denarios
1000 2003 1081 2044 per
1113 1987 1239 2027 diem.
1277 1986 1412 2029 Nulla
1443 1993 1612 2025 carecta

135 2058 351 2099 dominica
379 2056 568 2113 alicuju-s·
595 2055 881 2096 ecelesias-tice
902 2071 1088 2112 persone
1118 2054 1184 2096 vel
1210 2053 1356 2094 militis
1384 2053 1450 2096 vel
1478 2052 1611 2093 alieu-

133 2128 205 2183 jus
227 2126 394 2166 domiue
416 2126 619 2181 capiatur
632 2140 715 2181 per
740 2123 918 2164 ballivos
935 2122 1153 2180 predictos
1170 2121 1215 2162 ¹².

232 2254 313 2283 Inde
328 2264 368 2283 ne
387 2264 421 2283 sc
440 2257 559 2282 trouve
583 2263 648 2292 pas
669 2263 727 2282 sur
745 2251 919 2292 l'original
937 2252 977 2282 de
998 2251 1162 2282 Durham.

233 2295 324 2324 Dans
346 2295 423 2324 ‘1297
442 2305 447 2324 :
465 2294 580 2334 ipsius.

234 2337 324 2365 Dans
344 2337 423 2366 1216
438 2335 516 2376 (art.
535 2335 586 2375 21)
603 2345 608 2364 ;
628 2346 734 2364 suum.

204 2401 209 2407 .
233 2376 313 2407 Inde
330 2388 371 2406 ne
390 2387 423 2406 se
441 2381 561 2406 trouve
580 2388 642 2416 pas
664 2387 721 2406 sur
738 2375 911 2416 l'original
929 2375 969 2405 de
988 2375 1152 2405 Durham.

204 2442 208 2447 .
232 2419 322 2448 Dans
343 2419 422 2448 1216
443 2418 520 2457 (art.
544 2418 604 2457 21),
627 2422 712 2447 cette
735 2417 889 2447 dci-nicrc
913 2417 1040 2457 phrase
1061 2422 1114 2447 est
1139 2416 1241 2447 ecrite
1265 2427 1270 2447 :
1295 2416 1325 2446 si
1342 2420 1453 2446 autem
1473 2415 1514 2446 de
1533 2414 1613 2444 villa

139 2458 250 2499 fuerit,
270 2462 422 2489 teneatur
439 2460 529 2500 infra
548 2463 614 2489 tres
634 2458 839 2501 septimanas
849 2459 1001 2499 precium
1019 2458 1167 2488 reddere.

181 2503 211 2530 6.
237 2501 314 2530 1297
335 2504 425 2530 omet
444 2501 522 2542 ipse.

182 2543 211 2571 7.
236 2542 313 2571 ‘1297
333 2542 444 2581 ajoute
461 2552 466 2571 z
485 2541 604 2583 faeiat.

183 2584 212 2611 8.
237 2583 327 2612 Dans
346 2583 424 2612 1297
444 2594 450 2613 ;
469 2582 723 2612 adduxerimus.

182 2626 211 2653 9.
237 2624 328 2654 Dans
347 2625 423 2654 1297
439 2635 444 2654 :
461 2624 515 2656 sit.

184 2665 231 2694 10.
258 2665 320 2694 Les
340 2669 428 2695 mots
443 2676 482 2695 en
499 2665 656 2707 ilaliques
678 2670 754 2695 sont
771 2665 857 2695 omis·
877 2665 962 2695 dans
984 2666 1060 2695 1216
1078 2665 1156 2705 (art.
1180 2666 1242 2704 22).

184 2706 233 2735 11.
262 2707 338 2736 1297
357 2706 469 2745 ajoute
492 2718 497 2736 :
519 2718 596 2737 una.

183 2747 232 2776 12.
257 2747 350 2777 Cette
370 2748 524 2778 dernicrc
542 2749 668 2789 phrase
686 2758 832 2788 manquc
851 2748 936 2777 dans
956 2748 1045 2777 1216.
1064 2748 1152 2778 Dans
1176 2748 1262 2783 1297,
1282 2747 1331 2777 les
1350 2746 1504 2777 derniers
1525 2750 1612 2776 mets

144 2798 178 2818 se
196 2787 299 2818 lisent
320 2798 325 2818 5
341 2800 402 2829 ster
420 2789 558 2819 ballivos
576 2794 708 2819 nostros
727 2789 892 2829 calu'alur.

178 2255 209 2448 wswwe
