1955 3308
314 194 366 224 IV.
392 211 431 216 —
452 185 659 224 PETITION
683 192 763 223 DES
788 191 958 222 BARONS
983 192 1008 221 Α
1031 191 1138 221 ,ΙΕΑΝ
1163 191 1270 221 ΞΑΝΞ
1296 191 1436 222 TERRE
1581 193 1620 221 23

137 271 377 312 liberorum
418 285 616 319 suorum3
660 277 702 309 et
740 285 835 309 eum
879 268 1007 309 fuerit
1047 268 1345 316 emendatum,
1388 267 1621 309 intendant

137 339 313 379 domino
351 338 443 394 regi
482 337 591 377 sieut
632 335 768 393 prius.
810 337 862 376 Et
895 335 1159 392 quicumque
1192 335 1379 375 voluerit
1414 335 1467 375 de
1505 343 1620 375 terra

133 405 298 461 jurabit
329 421 372 445 se
399 405 451 445 ad
479 404 676 460 predicta
708 403 962 460 exequenda
993 402 1235 459 pariturum
1273 402 1488 442 mandatis
1519 418 1618 458 pre-

137 472 354 513 dictorum
386 487 498 512 ‚xxv.
537 472 772 520 baronum,
804 479 845 510 et
878 479 1157 528 gravaturum
1194 485 1343 527 regem
1378 485 1456 526 pro
1491 485 1620 525 posse

137 556 214 581 suo
249 555 346 580 eum
380 538 512 596 ipsis;
554 548 595 579 et
633 554 707 579 rex
747 538 955 595 pubbliee
987 546 1029 578 et
1062 537 1199 578 libere
1235 536 1359 577 dabit
1395 535 1618 577 licentiam

133 607 310 663 jurandi
340 606 519 647 cuilibet
549 606 622 662 qui
647 608 794 662 jurare
822 605 1022 655 voluerit,
1048 614 1089 645 et
1113 604 1220 645 nulli
1248 620 1451 661 uniquam
1473 605 1619 660 jurare

135 673 404 732 prohibebit.
445 675 607 714 Omnes
637 681 779 713 autem
811 672 910 713 illos
943 673 995 713 (le
1028 682 1142 713 terra
1171 673 1245 728 qui
1281 679 1438 728 sponte
1470 686 1546 711 sua
1577 679 1620 711 et

137 757 216 799 per
243 757 288 782 se
317 741 540 782 noluerint
560 744 706 796 jurare
738 758 846 781 .xxv.
876 741 1116 781 baronibus
1151 740 1204 780 de
1237 738 1546 796 distringendo
1577 745 1620 778 et

135 812 356 870 gravando
383 828 529 869 regem
558 827 653 851 eum
681 812 758 860 eis,
784 827 859 851 rex
885 811 1011 851 saciet
1031 812 1178 866 jurare
1207 809 1384 850 eosdem
1411 809 1464 849 de
1493 823 1615 848 man-

137 879 237 920 dato
257 895 334 920 suo
355 879 467 920 sicut
482 879 729 935 predictum
747 887 827 919 est.
849 880 954 919 Item
970 877 1004 918 si
1027 878 1184 935 aliquis
1201 877 1255 918 de
1272 876 1484 934 predictis
1502 892 1616 917 .xxv.

138 947 376 988 baronibus
399 946 654 996 decesserit,
679 946 745 987 vel
769 962 788 987 a
814 955 927 987 terra
955 946 1206 994 recesserit,
1231 945 1296 985 vel
1320 944 1465 1000 aliquo
1488 944 1618 985 modo

137 1014 221 1055 alio
240 1014 477 1070 impeditus
501 1014 628 1054 suerit
647 1013 880 1071 quominus
904 1015 983 1054 ista
1014 1013 1209 1070 predicta
1235 1013 1406 1069 possint
1434 1011 1614 1068 exequi,

137 1083 210 1139 qui
245 1081 408 1123 residui
442 1082 603 1122 fuerint
629 1081 681 1121 (10
720 1098 830 1122 .xxv.
869 1081 1034 1138 eligent
1068 1080 1198 1121 alium
1239 1080 1333 1121 loeo
1369 1079 1507 1136 ipsius
1537 1095 1617 1136 pro

138 1149 320 1191 arbitrio
349 1165 448 1200 suo,
481 1150 553 1206 qui
581 1149 714 1190 simili
742 1149 870 1189 modo
899 1150 981 1189 erit
1004 1150 1174 1204 juratus
1204 1164 1289 1205 quo
1317 1156 1359 1188 et
1387 1147 1534 1188 ceteri.
1568 1148 1617 1188 In

137 1216 340 1257 omnibus
391 1225 532 1258 autem
578 1233 662 1273 que
708 1217 801 1257 istis
839 1233 950 1257 .xxv.
1002 1215 1240 1257 baronibus
1286 1216 1619 1257 committuntur

137 1284 413 1341 exequenda,
443 1284 476 1325 si
511 1285 618 1325 sorte
643 1283 725 1340 ipsi
758 1301 868 1325 .xxv.
901 1292 1128 1340 presentes
1160 1282 1319 1324 fuerint
1349 1291 1390 1323 et
1420 1283 1536 1324 inter
1571 1299 1616 1324 se

138 1369 270 1409 super
291 1369 337 1393 re
358 1353 501 1410 aliqua
521 1352 885 1401 discordaverint,
910 1351 976 1392 vel
1000 1351 1133 1407 aliqui
1153 1368 1204 1392 ex
1230 1350 1291 1392 eis
1314 1351 1453 1392 vocati
1477 1350 1618 1392 nolint

136 1420 202 1461 vel
242 1429 462 1477 nequeant
496 1421 731 1473 interesse,
772 1428 910 1459 ratum
944 1418 1179 1459 habebitur
1214 1427 1255 1459 et
1296 1418 1465 1459 lirnium
1497 1419 1616 1475 quod

137 1489 273 1544 major
293 1504 392 1544 pars
414 1504 465 1528 ex
487 1488 548 1528 eis
571 1486 810 1544 providerit
832 1487 893 1527 vel
918 1487 1179 1543 preceperit,
1200 1502 1246 1526 ae
1270 1486 1304 1526 si
1327 1503 1478 1527 omnes
1503 1503 1612 1527 .xxv.

138 1556 179 1596 in
209 1556 290 1596 hoc
314 1554 668 1603 consensissent3
694 1563 736 1595 et
757 1554 944 1610 predicti
969 1570 1081 1594 .xxv.
1099 1555 1309 1610 jurabunt
1333 1554 1450 1611 quod
1472 1554 1617 1595 onmia

137 1623 354 1664 antedicta
383 1623 571 1663 fideliter
593 1622 890 1663 observabunt
916 1630 957 1662 et
981 1638 1060 1678 pro
1084 1631 1176 1663 toto
1204 1638 1333 1678 posse
1356 1638 1433 1663 suo
1457 1621 1617 1663 sacient

137 1690 377 1731 observari.
410 1691 614 1730 Preterea
645 1706 716 1729 rex
743 1690 870 1729 saciet
898 1705 971 1730 eos
998 1706 1174 1730 securos
1202 1706 1278 1746 per
1303 1699 1442 1730 cartas
1472 1691 1616 1731 archi-

137 1757 334 1814 episcopi
367 1766 408 1798 et
441 1757 748 1814 episcoporum
777 1766 819 1797 et
844 1757 1041 1815 magistri
1069 1757 1309 1808 l‘andulfi1,
1339 1758 1457 1814 quod
1479 1758 1616 1799 nichil

138 1824 391 1881 impetrabit
415 1840 436 1865 a
465 1824 644 1866 domino
666 1840 776 1881 papa
804 1841 882 1881 per
906 1825 1024 1882 quod
1053 1825 1195 1882 aliqua
1225 1825 1406 1867 istarum
1431 1841 1615 1866 eonven-

137 1893 303 1934 tionum
331 1901 556 1934 revocetur
581 1893 647 1933 vel
677 1892 912 1944 minuatur,
941 1902 1003 1943 et,
1036 1894 1070 1933 si
1100 1893 1264 1949 aliquid
1294 1894 1378 1934 tale
1406 1895 1615 1951 impetra-

136 1961 259 2012 verit,
287 1968 513 2017 reputetur
534 1959 705 2001 irritum
725 1969 766 2001 et
787 1960 916 2001 inane
935 1969 976 2001 et
1002 1977 1237 2018 numquam
1260 1978 1310 2002 eo
1334 1970 1493 2003 utatur.

177 2109 206 2138 1.
232 2109 298 2138 Sur
320 2119 356 2139 ee
386 2119 613 2149 personnage,
639 2119 743 2149 voyez
766 2109 814 2138 les
836 2119 851 2137 a
875 2109 978 2139 Notes
1002 2109 1275 2151 biographiques
1300 2123 1316 2137 υ
1343 2113 1363 2140 a
1385 2111 1419 2140 la
1446 2110 1492 2140 fin
1516 2110 1557 2141 de
1581 2111 1615 2143 la

140 2149 264 2180 Charte
282 2149 322 2180 de
336 2150 421 2180 Jean
435 2161 514 2180 sans
533 2151 649 2180 Terre.
