1955 3308
343 204 382 232 20
683 202 880 233 CHARTES
904 203 985 233 DES
1010 195 1222 233 LIBERTES
1250 203 1490 235 ANGLAISES

343 286 435 319 tum
458 294 544 320 non
566 280 764 320 usurabit
786 280 992 337 quamdiu
1015 281 1143 322 heres
1167 280 1296 322 fuerit
1318 281 1428 322 infra
1452 290 1628 332 etatem,
1649 282 1703 323 de
1725 299 1827 340 quo-

345 361 532 403 cumque
549 354 697 387 teneat
714 365 722 397 3
745 355 787 387 et
809 348 843 387 si
861 347 1058 388 debitum
1078 348 1187 389 illud
1203 349 1409 389 inciderit
1428 349 1473 389 in
1491 365 1664 390 manum
1687 350 1804 408 regis
1818 384 1827 401 ,

345 430 420 455 rex
444 430 531 455 non
558 413 702 471 capiet
727 414 812 454 nisi
838 415 1040 455 catallum
1066 416 1184 472 quod
1211 417 1464 457 continetur
1489 416 1532 457 in
1559 425 1692 457 carta.

402 507 473 549 35.
513 508 558 550 Si
589 509 687 565 quis
710 509 920 549 moriatur
944 518 986 550 et
1011 510 1207 550 debitum
1234 510 1395 552 debeat
1418 511 1581 562 Judeis,
1609 527 1716 552 uxor
1737 513 1829 567 ejus

342 576 501 616 habeat
532 576 678 617 dotem
707 592 852 627 suam;
884 585 926 617 et
957 577 992 618 si
1019 576 1147 618 liberi
1174 578 1480 628 remanserint,
1518 578 1832 636 provideantur

343 644 405 684 eis
429 643 674 684 necessaria
701 645 943 685 secundum
960 653 1256 686 tenementum
1276 664 1284 696 ;
1305 654 1347 686 et
1367 646 1420 686 de
1442 646 1619 687 residuo
1638 646 1831 687 solvatur

344 710 542 752 debitum
565 711 681 752 salvo
710 711 885 753 servitio
913 711 1217 763 dominorum3
1247 712 1378 753 simili
1407 713 1535 754 modo
1558 713 1629 755 fiat
1655 714 1708 754 de
1733 713 1829 755 aliis

344 778 531 830 debitis;
565 788 606 819 et
634 788 679 820 ut
713 788 860 821 custos
895 788 1010 821 terre
1046 779 1199 820 reddat
1230 780 1398 832 heredi,
1437 796 1534 821 cum
1567 781 1621 821 ad
1653 781 1828 838 plenam

344 854 500 886 etatem
524 847 788 903 pervenerit,
812 856 973 888 terram
995 863 1113 888 suam
1135 847 1418 888 instauratam
1445 848 1686 889 seeundum
1712 849 1829 905 quod

342 913 664 955 rationabiliter
685 916 846 972 poterit
874 916 1089 956 sustinere
1115 915 1168 956 de
1195 915 1384 956 exitibus
1412 924 1528 956 terre
1551 915 1749 972 ejusdem
1775 917 1829 957 de

343 983 510 1023 carneis
535 991 577 1023 ct
600 983 879 1041 waiunagiis.

399 1076 469 1117 36.
510 1078 555 1118 Si
585 1078 683 1134 quis
712 1078 903 1119 tenuerit
934 1078 987 1118 de
1024 1078 1168 1135 aliqua
1200 1079 1398 1129 eskaeta,
1437 1079 1548 1120 sicut
1580 1078 1633 1119 de
1660 1079 1828 1120 honore

339 1145 682 1203 NYaliugeford„
713 1145 1028 1203 Notingeham,
1064 1147 1281 1196 Bononie,
1317 1155 1359 1195 et
1390 1145 1660 1198 Lankastrie,
1698 1155 1740 1187 et
1774 1147 1827 1187 de

340 1212 435 1252 aliis
473 1213 662 1253 eskaetis
699 1230 782 1270 que
815 1222 915 1254 sunt
948 1215 989 1254 in
1025 1230 1153 1255 manu
1185 1215 1302 1271 regis
1338 1222 1379 1254 et
1411 1223 1511 1254 sunt
1547 1213 1751 1265 baronie,
1785 1223 1828 1255 et

339 1279 523 1330 obierit,
553 1281 680 1321 heres
710 1283 802 1337 ejus
831 1298 916 1322 non
944 1281 1064 1322 dabit
1089 1282 1207 1322 aliud
1233 1282 1460 1333 relevium,
1488 1282 1553 1322 vel
1581 1281 1707 1322 saciet
1735 1282 1826 1339 regi

339 1346 456 1388 aliud
485 1348 707 1388 servitium
736 1365 863 1405 quam
893 1349 1055 1390 faceret
1083 1348 1262 1398 baroni3
1288 1357 1329 1390 et
1357 1358 1400 1389 ut
1426 1365 1501 1390 rex
1522 1349 1675 1390 eodem
1698 1349 1826 1390 modo

339 1430 431 1454 eam
455 1424 601 1456 teneat
628 1432 713 1472 quo
736 1417 841 1457 baro
864 1433 957 1457 eam
980 1416 1137 1458 tenuit.

395 1509 465 1551 37.
506 1512 561 1552 Ut
585 1510 692 1551 fines
714 1512 786 1568 qui
814 1511 911 1552 facti
936 1521 1037 1553 sunt
1061 1528 1140 1569 pro
1163 1512 1357 1562 dotibus,
1379 1511 1636 1568 maritagiis,
1656 1511 1826 1553 heredi-

337 1578 522 1628 tatibus,
561 1587 603 1618 ct
639 1581 1011 1630 amerciamentis,
1055 1580 1216 1635 injuste
1257 1588 1299 1620 et
1332 1588 1483 1620 contra
1514 1579 1653 1636 legem
1686 1588 1823 1630 terre,

337 1646 515 1686 omnino
542 1646 872 1691 condonentur:
903 1647 967 1687 rel
996 1647 1067 1688 fiat
1096 1646 1198 1688 inde
1220 1663 1298 1704 per
1323 1647 1530 1703 juditium
1560 1664 1672 1688 .xxv.
1699 1648 1826 1688 baro-

336 1728 461 1763 num,
492 1714 557 1754 vel
587 1730 665 1771 per
687 1714 896 1769 juditium
930 1716 1105 1771 majoris
1136 1715 1274 1771 partis
1307 1715 1582 1766 eorumdem,
1615 1731 1697 1756 una
1729 1731 1826 1756 eum

335 1780 669 1838 archiepiscopo
692 1791 734 1822 et
756 1783 851 1823 aliis
875 1799 984 1840 quos
1012 1799 1159 1823 seeum
1184 1799 1336 1824 vocare
1362 1783 1571 1833 voluerit,
1599 1784 1656 1824 ita
1681 1783 1822 1840 quod,

336 1847 369 1887 si
398 1847 555 1905 aliquis
578 1849 643 1890 vel
674 1849 808 1907 aliqui
835 1850 888 1891 de
919 1868 1028 1891 .xxv.
1058 1850 1219 1891 fuerint
1247 1850 1288 1891 iu
1325 1850 1456 1891 simili
1485 1851 1686 1907 querela,
1713 1867 1824 1892 amo—

334 1924 516 1956 veantur
554 1926 596 1957 et
634 1917 706 1958 alii
746 1918 842 1959 loco
877 1918 1049 1959 illorum
1088 1935 1166 1975 per
1200 1918 1399 1960 residuos
1425 1918 1479 1959 de
1517 1936 1630 1959 .xxv.
1660 1918 1824 1959 substi-

333 1991 530 2024 tuantur.

391 2068 462 2110 38.
502 2070 629 2123 Quod
663 2070 841 2111 obsides
871 2079 911 2111 et
946 2080 1062 2111 carte
1095 2071 1352 2122 reddantur,
1384 2072 1692 2128 quaeliberate
1732 2072 1822 2112 l'ue-

335 2146 435 2177 runt
461 2138 554 2195 regi
580 2138 621 2177 in
651 2138 947 2178 securitatem.

391 2229 461 2271 39.
500 2232 555 2272 Ut
585 2231 647 2271 illi
677 2231 750 2288 qui
783 2231 941 2272 suerint
968 2240 1088 2273 extra
1118 2232 1322 2272 forestam
1354 2247 1439 2272 non
1472 2232 1648 2272 veniant
1676 2248 1820 2274 coram

328 2297 586 2353 justiciariis
621 2299 675 2339 (le
714 2300 875 2340 foresta
913 2316 991 2356 per
1025 2316 1278 2340 communes
1315 2299 1700 2350 summonitiones,
1737 2300 1819 2341 nisi

333 2367 419 2406 sint
446 2366 486 2406 in
517 2366 677 2422 placito
703 2367 767 2407 vel
796 2367 929 2423 plegii
961 2367 1148 2415 lucrint3
1180 2376 1222 2407 et
1248 2375 1293 2407 ut
1322 2383 1450 2423 prave
1477 2367 1821 2408 consuetudines

332 2433 385 2473 (le
409 2433 582 2474 forestis
607 2442 649 2474 et
671 2434 725 2475 de
749 2436 1012 2484 forestariis,
1043 2444 1083 2475 et
1105 2434 1366 2484 warenniis,
1396 2442 1437 2475 et
1463 2435 1818 2485 vicecomitibus,

332 2508 373 2540 et
389 2500 574 2550 rivariis,
595 2501 887 2542 emendentur
905 2519 984 2558 per
1004 2519 1096 2543 ιΧΗ.
1120 2502 1279 2542 milites
1300 2502 1353 2542 de
1372 2501 1571 2558 quolibet
1592 2503 1816 2552 comitatu,

332 2568 405 2623 qui
434 2568 597 2608 ‹lebeut
626 2568 729 2626 eligi
756 2586 833 2625 per
859 2570 1021 2625 probos
1051 2569 1251 2610 homines
1280 2569 1475 2625 ejusdem
1505 2570 1752 2610 comitatus,

389 2661 460 2703 40.
498 2664 554 2704 Ut
584 2678 657 2703 rex
685 2672 879 2703 amoveat
907 2663 1083 2720 penitus
1115 2664 1168 2703 (le
1194 2662 1351 2703 balliva
1381 2672 1585 2719 parentes
1612 2672 1653 2704 et
1683 2672 1817 2704 totam

331 2729 551 2786 sequelam
589 2731 773 2771 Germ-di
808 2731 862 2770 ‹le
898 2732 1052 2787 Atycs,
1091 2731 1206 2787 quod
1245 2730 1298 2771 de
1334 2739 1480 2772 cetero
1516 2731 1691 2772 balliam
1727 2747 1813 2772 non
