1955 3308
339 214 378 242 32
683 211 880 242 CHARTES
904 210 984 243 DES
1007 201 1218 241 LIBERTES
1242 211 1481 242 ANGLAISES

342 289 580 338 hominem,
606 288 640 328 si
666 288 760 344 ipse
786 304 876 328 eam
909 287 1052 328 facere
1083 303 1168 328 non
1198 288 1339 344 possit
1367 296 1550 344 propter
1577 287 1821 328 racionabi-

342 357 427 397 lem
463 371 664 405 causa1n3
702 364 744 396 et
781 355 815 395 si
852 371 930 396 nos
969 354 1220 396 duxerimus
1257 354 1323 395 vel
1360 355 1606 396 miserimus
1645 371 1743 396 eum
1779 355 1821 395 in

344 423 599 473 exereitum,
626 423 708 463 erit
737 422 909 479 quietus
939 423 991 463 de
1020 421 1237 473 custodia,
1268 423 1508 464 secundum
1535 423 1823 480 quantitatem

342 490 554 548 temporis
582 506 668 547 quo
698 505 774 546 per
804 506 882 530 nos
913 490 1041 530 fuerit
1069 490 1111 530 in
1141 490 1350 531 exercitu.

401 593 472 635 30.
509 593 664 634 Nullus
705 593 970 643 vicecomes,
1017 592 1083 633 vel
1129 592 1312 633 ballivus
1357 601 1523 642 noster,
1562 592 1627 632 vel
1668 591 1825 648 aliquis

346 661 479 712 alius,
510 661 654 717 capiat
683 676 817 716 equos
851 660 917 701 vel
951 668 1138 700 earettas
1170 659 1352 715 alicujus
1382 660 1507 700 liberi
1534 660 1717 700 hominis
1747 675 1826 715 pro

346 727 535 786 cariagio
566 728 783 778 faciendo,
818 729 902 768 nisi
936 727 989 768 de
1023 727 1245 768 voluntate
1282 727 1420 784 ipsius
1452 727 1581 768 liberi
1614 726 1822 768 hominis.

401 822 471 864 31.
510 824 600 864 Nec
626 838 705 863 nos
731 838 810 862 nec
840 821 987 862 ballivi
1015 822 1156 862 nostri
1184 820 1403 878 capiemus
1431 820 1620 862 alienum
1644 822 1827 862 boscum

344 889 398 930 ad
425 899 565 931 castra
590 890 658 931 vel
683 890 765 930 alia
793 889 960 947 agenda
985 897 1149 939 nostra,
1177 887 1260 929 nisi
1290 905 1368 946 per
1392 888 1658 930 voluntatem
1686 888 1826 946 ipsius

344 959 466 1014 cujus
494 959 655 999 boscus
684 957 757 998 ille
787 957 930 998 fuerit.

401 1051 471 1092 32.
508 1053 597 1093 Nos
619 1068 706 1092 non
725 1051 973 1092 tenebimus
994 1060 1134 1092 terras
1159 1051 1334 1092 illorum
1361 1051 1434 1107 qui
1457 1050 1645 1092 convicti
1666 1049 1829 1091 suerint

343 1119 396 1160 de
429 1119 603 1169 felonia,
636 1120 721 1160 nisi
752 1136 831 1176 per
865 1135 999 1160 unum
1037 1136 1198 1160 annum
1233 1127 1275 1160 et
1309 1135 1444 1159 unum
1473 1119 1611 1170 diem,
1645 1127 1687 1159 et
1724 1127 1828 1159 tunc

342 1186 584 1228 reddantur
606 1196 722 1227 terre
749 1187 938 1228 dominis
967 1187 1211 1228 feodorum.

400 1280 470 1322 33.
510 1283 671 1322 Omnes
723 1281 876 1322 kidelli
918 1281 972 1321 de
1016 1289 1161 1322 cetero
1209 1281 1488 1338 deponantur
1546 1279 1722 1337 penitus
1772 1279 1827 1320 de

343 1348 555 1404 Tamisia,
587 1357 628 1389 et
656 1348 709 1389 de
738 1349 1006 1405 Mcdewaye,
1037 1357 1079 1389 et
1107 1365 1185 1405 per
1213 1357 1349 1389 totam
1379 1347 1605 1406 Angliam,
1638 1347 1722 1389 nisi
1752 1363 1830 1404 per

345 1424 560 1457 costeram
589 1417 736 1457 maris.

400 1510 470 1551 34.
508 1513 645 1552 Breve
683 1510 800 1567 quod
834 1519 1011 1551 vocatur
1042 1528 1062 1549 α
1099 1509 1280 1567 Preeipe
1314 1527 1335 1549 ›)
1368 1510 1421 1551 de
1456 1518 1601 1551 cetero
1638 1525 1724 1551 non
1757 1509 1830 1550 fiat

344 1577 474 1619 alicui
502 1579 555 1619 de
583 1578 728 1635 aliquo
752 1586 1004 1620 tenemento
1028 1578 1144 1619 unde
1173 1577 1285 1618 liber
1303 1579 1435 1619 homo
1463 1578 1663 1619 amittere
1691 1577 1830 1634 possit

346 1647 511 1687 curiam
536 1662 673 1687 suam.

403 1739 473 1781 35.
510 1741 603 1782 Una
631 1755 834 1780 mensura
859 1739 946 1780 vini
973 1739 1029 1780 sit
1057 1756 1135 1797 per
1163 1748 1303 1780 totum
1327 1756 1511 1797 reguum
1536 1747 1756 1789 nostrum,
1789 1747 1831 1780 et

345 1823 427 1848 una
455 1823 656 1848 mensura
681 1808 878 1858 cervisie,
905 1815 947 1848 et
971 1823 1055 1848 una
1081 1824 1283 1848 mensura
1305 1807 1440 1857 bladi,
1469 1807 1635 1848 scilicet
1660 1816 1830 1864 quarte-

344 1876 454 1916 rium
488 1875 815 1925 Londoniense,
847 1884 889 1915 et
914 1891 995 1916 una
1026 1875 1211 1916 latitudo
1243 1891 1489 1932 pannorum
1521 1875 1761 1916 tinctorum
1790 1883 1832 1915 et

344 1951 615 1984 russetorum
644 1951 686 1983 et
708 1943 1102 2000 halbergettorum,
1126 1942 1294 1984 scilicet
1321 1943 1403 1983 due
1426 1942 1528 1984 ulne
1549 1943 1659 1984 insra
1682 1942 1829 1993 listas;

343 2010 396 2051 de
419 2009 691 2067 ponderibus
721 2018 864 2051 autem
891 2011 944 2050 sit
975 2019 1019 2051 ut
1045 2010 1096 2051 de
1128 2009 1357 2051 mensuris.

403 2112 474 2153 36.
512 2112 657 2153 Niehil
681 2112 808 2153 detur
836 2114 901 2153 vel
919 2115 1123 2170 capiatur
1150 2113 1202 2154 de
1229 2121 1375 2154 cetero
1398 2129 1477 2169 pro
1503 2112 1623 2153 brevi
1651 2112 1830 2168 inquisi-

346 2178 486 2219 eionis
523 2179 575 2220 de
609 2179 695 2221 vita
729 2180 794 2221 vel
829 2181 1059 2231 membris,
1097 2188 1162 2220 set
1197 2179 1334 2237 gratis
1369 2180 1635 2221 concedatur
1667 2187 1709 2220 et
1743 2195 1828 2220 non

346 2255 550 2304 negetur.

405 2340 475 2381 37.
517 2340 562 2381 Si
595 2341 752 2398 aliquis
788 2349 936 2382 teneat
966 2341 1018 2382 de
1048 2340 1176 2382 nobis
1204 2357 1282 2398 per
1315 2340 1623 2391 seodifirmam‚
1657 2340 1724 2381 vel
1757 2356 1834 2397 per

348 2409 593 2466 sokagium,
624 2409 689 2449 vel
718 2426 796 2466 pcr
824 2410 1102 2466 burgagium,
1132 2417 1173 2449 ct
1199 2408 1251 2449 de
1278 2409 1361 2449 alio
1390 2417 1550 2448 terram
1578 2416 1726 2448 teneat
1754 2423 1832 2464 per

349 2475 578 2517 servicium
615 2477 817 2527 militare,
853 2493 930 2517 nos
966 2493 1051 2517 non
1085 2477 1346 2517 habebimus
1381 2475 1623 2516 custodiam
1658 2474 1832 2516 heredis

348 2559 427 2584 nee
450 2551 565 2584 terro
588 2560 662 2584 sue
689 2561 772 2601 quc
799 2553 864 2585 est
890 2544 942 2585 de
966 2544 1090 2585 feodo
1118 2543 1313 2593 alterius,
1337 2544 1567 2584 occasione
1593 2542 1711 2584 illius
1741 2543 1833 2584 feo-

351 2611 538 2661 difirme,
561 2611 624 2651 vcl
651 2611 835 2668 sokagii‚
860 2611 926 2652 vcl
951 2611 1177 2669 burgagii;
1203 2627 1283 2651 nee
1305 2610 1565 2651 habebimus
1588 2609 1831 2651 custodiam

350 2678 467 2719 illius
498 2679 763 2728 seodifirme,
797 2679 862 2719 vel
890 2678 1079 2736 sokagfi,
1113 2678 1178 2719 vel
1204 2679 1427 2735 burgagii,
1457 2679 1540 2718 nisi
1573 2679 1664 2735 ipsa
1695 2678 1832 2719 feodi-

351 2747 473 2786 firma
499 2746 657 2787 debeat
682 2746 911 2786 servicium
938 2746 1138 2786 militare.
1167 2747 1253 2787 Nos
1282 2761 1370 2786 non
1396 2745 1655 2786 habebimus
1685 2753 1832 2787 custo-
