1955 3308
299 199 341 229 22
645 200 843 230 CHARTES
868 201 948 230 DES
972 192 1184 230 LIBERTES
1208 200 1448 231 ANGLAISES

357 277 427 318 47.
468 278 522 318 Et
547 293 697 318 omnes
721 278 881 318 foreste
908 294 991 334 que
1021 287 1122 318 sunt
1143 277 1375 318 asorestate
1402 293 1480 334 per
1505 294 1654 336 regem
1675 287 1786 319 tem-

300 361 406 402 pore
425 361 502 385 suo
524 344 909 396 deaflorestentur‚
934 354 975 386 et
995 346 1054 386 ita
1076 345 1149 385 fiat
1171 345 1224 386 de
1246 345 1420 402 ripariis
1439 361 1523 401 que
1539 361 1618 402 per
1641 346 1785 402 ipsum

301 429 450 471 regem
476 421 576 454 sunt
598 412 641 453 in
666 413 865 453 defenso.

357 507 429 548 48.
467 509 630 548 Omnes
664 515 807 547 autem
836 506 940 547 istas
970 505 1314 547 consuetudines
1343 514 1386 547 et
1413 506 1641 547 libertates
1675 521 1784 563 quas

302 591 376 616 rex
404 574 624 616 concessit
654 589 791 631 regno
823 573 1037 614 tenendas
1067 582 1279 630 quantum
1312 573 1364 614 ad
1394 589 1438 614 56
1465 573 1658 630 pertinet
1686 588 1791 632 erga

303 659 420 693 suos,
461 658 612 682 omnes
652 642 706 681 de
740 657 878 699 regno
914 649 998 681 tam
1028 640 1176 682 clerici
1207 657 1335 698 quam
1368 641 1469 682 laici
1495 641 1793 682 observabunt

303 719 513 767 quantum
542 710 595 751 ad
619 726 662 750 se
688 710 883 767 pertinet
907 725 1008 767 erga
1035 725 1152 750 51105.

362 804 431 846 49.
473 806 560 845 Hec
591 812 657 844 est
690 804 823 844 forma
853 802 1102 844 securitatis
1130 803 1183 844 ad
1211 804 1534 845 observandum
1565 819 1718 861 pacem
1751 811 1794 844 et

303 876 530 916 libertates
555 875 669 915 inter
685 890 832 932 regem
853 883 893 915 et
915 890 1113 931 regnum,
1135 876 1330 915 Barones
1353 874 1519 931 eligent
1538 891 1649 915 .xxv.
1668 875 1793 916 baro-

304 960 381 984 nes
411 944 464 984 de
500 959 636 1000 regno
669 959 778 999 quos
810 941 1051 993 voluerint,
1083 942 1158 999 qui
1190 942 1354 983 debent
1382 958 1461 999 pro
1492 942 1597 983 totis
1627 942 1793 983 viribus

306 1011 395 1052 suis
428 1012 683 1061 observare,
715 1018 868 1051 tenere
901 1019 941 1051 et
968 1010 1110 1051 faeere
1139 1009 1378 1060 observari,
1410 1025 1561 1067 pacem
1589 1018 1632 1051 et
1659 1009 1794 1051 liber-

303 1088 415 1119 tates
451 1094 557 1135 quas
594 1078 797 1119 dominus
834 1094 910 1118 rex
945 1077 1006 1118 eis
1042 1078 1262 1118 concessit
1297 1086 1338 1118 et
1373 1086 1491 1119 carta
1525 1094 1602 1119 sua
1635 1077 1794 1119 confir-

308 1147 462 1194 mavit3
494 1147 550 1186 ita
576 1145 782 1186 videlieet
807 1145 925 1202 quod
953 1146 989 1186 si
1014 1161 1103 1196 rex,
1127 1145 1194 1186 vel
1219 1145 1528 1201 justicia1=ius1‚
1559 1145 1625 1186 vel
1648 1145 1797 1186 ballivi

306 1213 446 1272 regis,
480 1214 546 1254 vel
574 1214 731 1270 aliquis
761 1213 815 1254 (16
844 1212 1057 1254 ministris
1090 1212 1201 1263 suis,
1233 1214 1276 1254 in
1305 1213 1451 1269 aliquo
1479 1229 1580 1271 erga
1607 1212 1796 1269 aliquem

307 1281 566 1338 deliquerit,
604 1281 670 1322 vel
713 1281 903 1338 aliquem
945 1281 1225 1321 articulorum
1268 1281 1388 1337 pacis
1431 1289 1503 1321 aut
1546 1279 1796 1320 securitatis

306 1358 610 1406 transgressus
637 1348 782 1399 suerit,
815 1356 857 1389 et
881 1348 1090 1389 delictum
1113 1356 1338 1388 ostensum
1358 1347 1489 1389 suerit
1518 1352 1651 1388 .1111⁰¹'.
1674 1347 1796 1388 baro-

307 1418 436 1458 nibus
465 1417 517 1457 de
539 1416 752 1474 predictis
784 1433 889 1457 ¹xxv.
921 1415 1178 1466 baronibus,
1202 1415 1264 1456 illi
1295 1420 1426 1457 .1111⁰¹”.
1454 1416 1652 1456 barones'
1672 1430 1797 1456 acce-

308 1485 416 1526 dent
447 1484 500 1524 ad
531 1484 759 1524 dominum
788 1500 954 1542 regem,
982 1483 1048 1524 vel
1077 1483 1129 1524 ad
1155 1482 1447 1540 justiciarium
1477 1498 1622 1533 51111111,
1655 1482 1691 1522 51
1724 1497 1799 1522 rex

308 1552 440 1593 fuerit
477 1560 597 1592 extra
632 1568 840 1609 regnum3
873 1559 1173 1608 proponentes
1205 1550 1243 1591 ei
1277 1566 1529 1600 excessum,
1566 1557 1719 1607 petent
1751 1556 1801 1590 ut

309 1636 536 1661 excessum
560 1618 683 1659 illum
708 1620 801 1659 sine
830 1618 1043 1660 dilatione
1070 1619 1195 1675 faciat
1220 1617 1445 1659 emendari
1468 1635 1476 1668 ;
1502 1626 1543 1658 et
1571 1617 1607 1657 si
1635 1633 1710 1657 rex
1731 1616 1799 1657 vel

306 1686 578 1744 justiciarius
616 1689 708 1743 ejus
742 1686 850 1727 illud
883 1703 970 1727 non
999 1685 1312 1736 emendaverit,
1349 1686 1383 1726 si
1415 1701 1488 1725 rex
1520 1685 1651 1725 suerit
1681 1692 1800 1724 extra

310 1771 519 1814 regnum,
549 1754 660 1795 infra
689 1754 952 1795 rationabile
979 1763 1153 1810 tempus
1182 1752 1564 1794 determinandum
1590 1752 1634 1792 in
1661 1760 1798 1802 carta,

310 1822 499 1881 predicti
518 1827 656 1864 ‚11110¹'.
683 1823 873 1863 reserent
890 1838 1063 1863 eausam
1076 1821 1191 1862 illam
1212 1821 1265 1861 ad
1283 1820 1482 1862 residuos
1504 1820 1558 1861 de
1577 1819 1680 1860 illis.
1701 1835 1796 1860 xxv.

311 1891 570 1941 baronibus,
593 1899 635 1931 et
655 1889 719 1930 illi
745 1907 856 1931 xxv.
877 1906 974 1931 cum
999 1904 1229 1931 communa
1245 1890 1377 1930 totius
1398 1897 1514 1929 terre
1534 1887 1804 1945 distringerit

311 1967 355 2000 e't
375 1959 620 2016 gravabunt
640 1974 790 2016 regem
815 1957 954 1999 modis
979 1957 1182 1998 omnibus
1205 1956 1365 2013 quibus
1384 1964 1609 2013 poterunt,
1636 1954 1804 1996 scilicet

312 2043 390 2084 per
415 2026 664 2082 captionem
695 2033 961 2075 castrorum,
991 2033 1223 2074 terrarum,
1255 2023 1610 2080 possessionum,
1638 2031 1681 2063 et
1708 2020 1803 2062 aliis

314 2093 455 2135 modis
486 2094 645 2150 quibus
672 2102 899 2150 poterunt,
928 2093 1069 2133 donec
1097 2092 1228 2133 fuerit
1253 2091 1532 2132 emendatum
1562 2089 1803 2131 secundum

314 2161 545 2202 arbitrium
578 2177 752 2211 eorum,
792 2161 905 2201 salva
939 2175 1128 2217 persona
1157 2158 1323 2200 domini
1355 2158 1471 2216 regis
1505 2166 1547 2198 et
1578 2156 1730 2214 regine
1763 2164 1806 2197 et

314 2347 455 2382 France,
466 2345 507 2374 de
519 2345 551 2374 la
568 2344 714 2374 Flandre
727 2343 1156 2378 011(111111·31)311ῑ;6’6511ἑ1
1169 2353 1249 2372 sans
1262 2342 1364 2371 doute
1380 2340 1461 2381 qu'il
1479 2339 1630 2369 faudrait
1643 2338 1811 2369 chet-cher

315 2388 364 2417 les
383 2398 469 2427 pays
488 2386 570 2415 dont
592 2386 634 2414 ils
656 2389 794 2425 portent
812 2385 861 2414 les
881 2396 991 2414 nonis.
1011 2385 1124 2424 Roger
1139 2383 1179 2413 de
1200 2383 1390 2412 wendover
1407 2382 1505 2422 place
1523 2392 1566 2411 au
1584 2380 1727 2410 nombre
1747 2379 1807 2409 des

317 2440 332 2458 «
351 2428 540 2458 consiliarii
561 2427 769 2466 iniquissimi
791 2438 805 2455 ›>
825 2426 865 2455 de
885 2426 970 2455 Jean
994 2436 1074 2455 sans
1096 2429 1184 2455 terre
1202 2434 1208 2454 ;
1229 2434 1244 2453 (1
1267 2423 1451 2463 Philippus
1470 2422 1575 2452 Marci
1596 2421 1808 2460 castellanus

315 2470 356 2499 de
376 2468 604 2509 Notingeham
627 2480 653 2504 υ,
676 2478 690 2494 a
709 2467 884 2498 Cei-ardus
903 2467 943 2496 de
962 2467 1036 2497 Atio
1052 2471 1085 2495 et
1102 2465 1307 2506 Ingelardus
1322 2475 1428 2505 nepos
1447 2463 1532 2504 ejus.
1555 2474 1568 2493 >J
1585 2462 1660 2503 (Ed.
1681 2462 1807 2496 Luam,

317 2512 358 2546 Π,
383 2513 453 2540 533.

357 2553 386 2581 1.
412 2510 598 2590 L‘tiriginal
623 2554 721 2590 ports·¹
746 2550 936 2579 seulement
956 2548 1010 2582 ici,
1040 2558 1179 2578 comme
1202 2547 1288 2577 dans
1308 2550 1382 2577 tout
1403 2546 1434 2576 le
1456 2550 1546 2576 reste
1571 2545 1612 2575 de
1636 2544 1806 2575 l'article:

310 2594 441 2634 juslm„
465 2593 613 2622 laissant
632 2602 674 2620 au
693 2591 823 2620 levtonr
838 2591 879 2619 tle
894 2590 1032 2619 decider
1050 2593 1222 2619 comment
1236 2588 1261 2618 il
1279 2589 1353 2618 faut
1371 2587 1534 2617 terminer
1551 2587 1583 2616 16
1601 2590 1683 2622 mot,
1703 2589 1736 2615 et
1754 2585 1810 2614 s’il

319 2635 391 2664 saut
411 2634 440 2663 le
464 2637 584 2663 mettre
607 2643 649 2661 au
674 2632 843 2671 singulier
864 2643 905 2661 ou
929 2641 972 2661 au
994 2630 1141 2671 plul‘iel:
1165 2629 1252 2660 mais
1276 2629 1354 2669 cinq
1375 2628 1487 2668 lignes
1512 2629 1590 2668 plus
1609 2627 1683 2663 has,
1709 2626 1734 2656 il
1755 2629 1810 2656 est

319 2679 378 2705 si'ir
400 2675 480 2715 qu'il
504 2676 576 2703 faut
591 2674 622 2704 le
645 2673 824 2712 singulier,
848 2673 994 2712 pirisque
1015 2672 1046 2701 le
1066 2676 1136 2701 mot
1160 2671 1286 2711 abregc
1305 2674 1356 2699 est
1376 2670 1464 2699 snivi
1484 2669 1524 2698 de
1547 2679 1642 2698 suum
1660 2667 1746 2697 ecrit
1762 2677 1805 2697 en

316 2720 429 2746 tontes
457 2717 587 2746 lettres.
616 2714 727 2744 Enfin.
751 2714 776 2743 si
805 2714 870 2743 l'on
894 2724 928 2743 sc
956 2717 1092 2754 reporto
1122 2715 1141 2742 a
1166 2712 1254 2742 sai-t.
1279 2711 1316 2740 18
1337 2711 1377 2740 de
1401 2711 1433 2740 la
1459 2709 1596 2741 Grande
1619 2709 1737 2739 charte
1759 2708 1804 2738 de

318 2758 414 2794 Jean,
437 2768 477 2787 on
497 2767 532 2787 sc
552 2755 758 2786 convaincra
774 2755 856 2795 qu'il
876 2756 959 2784 saut.
982 2758 1123 2795 partout
1142 2753 1197 2783 ici.
1213 2753 1276 2783 lire
1297 2763 1302 2782 :
1319 2751 1544 2792 justiciarius
