1955 3308
322 235 361 264 58
664 234 860 265 CHARTES
885 234 965 264 DES
990 226 1200 265 LIBERTES
1225 235 1463 266 ANGLAISES

326 314 556 370 episeopis,
597 312 851 363 abbatibus,
884 313 1133 370 prioribus,
1177 313 1439 371 templariis,
1478 314 1796 371 hospitalariis,

324 381 564 430 comitibus,
593 380 828 421 baronibus
853 390 891 421 et
911 381 1107 421 omnibus
1126 381 1226 422 aliis
1245 391 1332 422 tam
1353 382 1651 423 ecclesiasticis
1669 399 1799 440 quam

323 447 596 489 secularibus
623 450 825 505 personis
862 448 1081 489 libertates
1111 458 1149 489 et
1176 449 1306 490 libere
1336 450 1664 490 consuetudines
1691 466 1800 507 quas

318 519 446 572 prius
467 516 718 557 habuerunt
735 516 761 555 ¹.

381 582 481 640 (60).
522 585 686 625 Omnes
707 591 850 624 autem
872 583 978 625 istas
1001 583 1342 626 consuetudines
1366 585 1585 641 predictas
1609 593 1650 626 et
1671 585 1799 626 liber-

322 651 462 692 tates‘2
483 667 590 709 quas
619 650 915 692 concessimus
941 651 984 692 in
1010 646 1145 709 regno
1173 661 1323 694 nostro
1347 653 1561 694 tenendas
1589 662 1798 710 quantum

321 719 375 760 ad
403 735 482 760 nos
512 719 705 776 pertinet
735 735 838 777 erga
867 720 1084 771 nostros-3,
1114 735 1265 761 omnes
1295 720 1348 761 de
1379 736 1516 779 regno
1542 729 1691 762 nostro
1713 730 1799 762 tam

322 786 473 827 clerici
501 802 630 843 quam
666 786 765 828 laici
796 787 1029 828 observent
1059 795 1270 844 quantum
1302 787 1355 828 ad
1392 803 1436 828 se
1470 789 1662 844 pertinet
1698 804 1799 847 erga

323 854 466 895 suos4.
499 855 588 895 Pro
623 855 705 896 lzac
738 864 880 896 autem
920 858 1190 896 concessione
1221 865 1260 896 et
1291 856 1522 896 donatione
1552 856 1798 897 libertatum

323 925 506 963 istarum
538 932 576 963 et
605 923 796 964 aliarum
827 924 1073 965 libertatum
1099 933 1398 964 contentarum
1428 927 1470 965 in
1497 933 1624 965 carta
1650 933 1800 965 nostra

321 990 372 1031 de
393 990 663 1032 libertatibus
682 993 860 1050 foreste,
885 992 1214 1050 archiepiscopi,
1240 994 1438 1050 episcopi,
1464 993 1658 1043 abbates,
1679 995 1801 1050 prio-

322 1076 413 1109 res,
451 1062 646 1110 comites,
675 1061 881 1110 barones,
911 1060 1087 1111 milites,
1113 1061 1244 1101 libere
1271 1070 1481 1111 tenentes,
1513 1070 1551 1101 et
1580 1077 1724 1102 omnes
1751 1061 1801 1102 de

322 1143 453 1185 regno
504 1137 651 1168 nostro
698 1128 909 1169 dederunt
957 1129 1078 1169 nobis
1130 1130 1324 1186 quintam
1379 1129 1587 1169 decimam
1625 1137 1799 1186 partem

322 1199 509 1236 omnium
542 1196 760 1237 mobilium
798 1213 992 1237 suorum.
1036 1197 1332 1239 Concessimus
1367 1200 1496 1237 etiam
1532 1197 1687 1238 eisdem
1716 1213 1800 1254 pro

321 1265 441 1305 nobis
477 1273 515 1305 et
546 1265 776 1306 heredibus
808 1267 967 1306 nostris
993 1266 1109 1323 quod
1136 1281 1211 1305 nee
1245 1281 1320 1305 nos
1351 1281 1427 1305 nee
1460 1265 1636 1305 heredes
1665 1267 1806 1306 nostri

320 1332 492 1390 aliquid
516 1335 822 1391 perquiremus
847 1350 931 1390 per
963 1333 1079 1391 quod
1108 1333 1328 1374 libertates
1362 1337 1404 1373 in
1438 1333 1520 1374 hac
1551 1343 1677 1374 carta
1705 1349 1799 1374 con·

360 1471 388 1501 1.
416 1471 507 1501 Dans
526 1471 617 1508 1297,
633 1472 667 1502 13
685 1471 731 1502 fin
746 1471 786 1502 de
804 1472 950 1502 l'article
968 1477 1019 1502 est
1037 1472 1125 1502 ainsi
1141 1483 1267 1512 80118118
1288 1483 1293 1502 ;
1310 1476 1380 1503 tam
1401 1471 1634 1502 ecclesiasticis
1645 1473 1797 1513 personis

321 1523 420 1553 quam
438 1512 658 1549 secularibus,
680 1524 792 1544 omnes
811 1513 983 1545 libertates
1003 1518 1033 1544 et
1055 1514 1157 1544 libere
1177 1513 1433 1544 consuetudines
1454 1525 1538 1555 quas
1556 1513 1651 1555 prius
1669 1513 1797 1544 habue—

321 1558 410 1585 runt.

361 1596 390 1626 2.
416 1596 508 1626 Dans
530 1596 606 1627 1297
628 1607 633 1626 ;
657 1598 777 1627 Omnes
796 1601 907 1627 autem
929 1597 1186 1627 consuetudines
1205 1601 1235 1627 et
1254 1596 1426 1627 libertates
1440 1596 1625 1638 predictas.

361 1639 390 1667 3.
416 1638 462 1667 La
483 1638 723 1668 confirmation
746 1638 786 1668 de
808 1638 840 1670 la
862 1640 913 1669 36ε
935 1641 1041 1669 3111188
1066 1639 1106 1669 (18
1130 1639 1233 1669 Henri
1255 1639 1302 1668 III
1326 1638 1438 1679 ajoute
1458 1650 1464 1669 ;
1487 1639 1652 1676 homines,
1673 1638 1730 1680 qui
1748 1643 1798 1668 est

322 1689 386 1708 une
404 1679 515 1708 bonne
532 1679 640 1719 188011.

360 1721 389 1750 4.
415 1722 523 1761 Apr'es
544 1721 593 1751 les
618 1725 707 1751 mots
728 1732 733 1751 :
756 1733 836 1763 erga
861 1733 955 1759 suos,
976 1722 1009 1752 la
1030 1722 1147 1753 charte
1167 1723 1208 1752 de
1230 1723 1308 1753 1216
1336 1725 1368 1751 et
1394 1723 1478 1755 celle
1505 1722 1545 1753 de
1571 1722 1649 1752 1217
1669 1733 1703 1752 58
1727 1726 1797 1752 ter-

322 1761 452 1792 minent
471 1761 722 1793 differemment
744 1774 750 1793 :

362 1804 451 1840 1216,
467 1808 531 1833 art.
550 1806 588 1834 42
608 1815 613 1834 2
631 1804 718 1840 Quia
734 1815 814 1834 vero
830 1805 975 1844 quedam
992 1806 1144 1846 capitula
1160 1806 1193 1835 in
1207 1806 1317 1846 priori
1334 1806 1407 1849 (sic)
1422 1811 1517 1838 carta
1534 1805 1798 1835 continebantur

319 1855 384 1885 que
397 1845 517 1885 gravia
530 1850 563 1875 et
574 1846 782 1876 dubitabilia
793 1846 1010 1883 videbantur,
1023 1848 1153 1877 58111881
1165 1847 1205 1877 (18
1217 1850 1384 1889 scutagiis
1396 1855 1428 1880 et
1440 1847 1576 1880 auxiliis
1589 1846 1796 1881 assidendis,

319 1886 359 1915 de
372 1886 497 1916 debitis
512 1887 700 1917 Judeorum
717 1892 749 1918 et
763 1887 922 1923 aliorum,
938 1893 969 1919 et
985 1889 1025 1919 de
1041 1889 1200 1919 libertate
1216 1892 1358 1921 exeundi
1375 1891 1415 1921 de
1432 1901 1550 1931 regno,
1565 1889 1619 1918 vel
1633 1887 1797 1918 redeundi

318 1928 353 1957 in
372 1939 528 1968 regnum,
551 1933 583 1958 et
601 1930 640 1959 de
661 1929 797 1959 forestis
815 1933 847 1959 et
866 1930 1075 1967 forestariis,
1094 1931 1267 1961 warennis
1285 1935 1317 1961 et
1333 1931 1578 1967 warennariis,
1598 1935 1630 1960 et
1653 1930 1693 1959 de
1714 1940 1797 1959 con-

320 1970 560 1999 suetudinibus
582 1971 818 2006 comitatuum,
835 1975 867 2001 et
881 1971 921 2001 de
936 1972 1077 2012 ripariis
1096 1976 1128 2002 et
1145 1983 1263 2002 carum
1281 1975 1496 2008 custodibus,
1521 1972 1652 2013 placuit
1670 1981 1796 2011 supra-

319 2011 419 2040 dictis
438 2011 582 2051 prelatis
598 2016 630 2042 et
648 2012 870 2052 magnatibus
889 2024 927 2043 83
945 2024 1019 2043 8558
1038 2013 1070 2043 in
1089 2018 1248 2054 respectu
1266 2025 1443 2057 quousque
1461 2014 1596 2056 plenius
1614 2012 1797 2043 consilium

318 2052 562 2088 habuerimus;
588 2058 620 2083 et
642 2058 722 2083 tunc
749 2054 914 2084 faciemus
941 2055 1142 2095 plenissime
1170 2060 1240 2085 tam
1269 2056 1310 2086 de
1334 2058 1401 2087 hiis
1429 2068 1533 2098 quam
1559 2055 1599 2084 dc
1629 2054 1707 2084 aliis
1732 2064 1796 2094 que

318 2094 529 2124 occurrerint
545 2095 769 2129 emendanda,
787 2106 850 2136 que
865 2096 908 2125 ad
923 2107 1140 2126 communem
1155 2097 1309 2127 omnium
1325 2099 1507 2129 utilitatem
1522 2095 1751 2138 pertinuerint
1765 2099 1797 2125 et

346 2146 441 2165 acem
469 2139 501 2165 et
535 2140 662 2166 statum
695 2141 852 2166 nostrum
879 2142 911 2167 et
942 2138 1039 2178 regni
1069 2139 1189 2169 nostri.
1223 2138 1310 2174 Quia
1342 2151 1423 2170 vero
1459 2139 1615 2180 sigillum
1643 2137 1795 2167 nondum

318 2146 522 2211 Habuimus,
545 2183 741 2218 presentem
765 2182 898 2208 cartam
920 2179 1047 2219 sigillis
1070 2180 1278 2210 venerabilis
1296 2182 1407 2222 patris
1425 2181 1534 2212 nostri
1553 2178 1681 2209 domini
1704 2178 1796 2209 Gua-

318 2218 408 2247 lonis
432 2219 523 2248 tituli
555 2220 663 2249 sancti
687 2220 825 2249 Martini
851 2221 1035 2261 presbiteri
1060 2221 1263 2259 cardinalis,
1287 2223 1476 2263 apostolice
1499 2222 1589 2252 sedis
1614 2220 1738 2260 legati,
1763 2223 1796 2249 et

318 2259 479 2289 willelmi
496 2261 682 2291 Mariscalli
701 2261 836 2291 comitis
855 2262 1040 2292 Penbrocie
1058 2263 1200 2293 rectoris
1222 2264 1330 2294 nostri
1349 2269 1382 2294 et
1400 2264 1498 2305 regni
1514 2262 1635 2298 nostri,
1653 2261 1795 2292 fecimus

316 2301 478 2341 sigillari.
499 2302 659 2332 Testibus
681 2303 841 2333 omnibus
860 2304 1108 2344 prenominatis
1133 2309 1165 2334 et
1185 2304 1263 2334 aliis
1287 2306 1417 2336 multis.
1443 2306 1567 2336 Datum
1590 2314 1652 2344 per
1673 2313 1794 2333 manus

318 2342 553 2381 predictorum
580 2344 709 2373 domini
736 2345 842 2384 legati
867 2349 899 2375 et
926 2346 1087 2376 willelmi
1113 2346 1301 2376 Mariscalli
1325 2347 1460 2377 comitis
1488 2345 1674 2377 Penhrocie
1701 2344 1792 2385 apud

317 2383 522 2414 Bristollum
540 2385 742 2415 duodecimo
763 2386 817 2416 die
836 2387 1034 2417 novembris
1050 2398 1138 2417 anno
1154 2388 1251 2427 regni
1269 2389 1377 2419 nostri
1393 2389 1516 2429 primo.

360 2425 449 2462 1217,
467 2430 531 2457 art.
552 2428 590 2455 sifi
608 2437 612 2456 z
632 2427 745 2457 Salvis
764 2428 1048 2469 archiepiscopis,
1069 2428 1260 2469 episcopis,
1277 2430 1475 2466 abbatibus,
1491 2428 1685 2470 prioribuS,
1704 2431 1794 2457 tem-

315 2466 450 2506 plariiS,
467 2466 718 2508 hospitalariis,
732 2469 928 2505 comitibus,
940 2470 1140 2506 baronibus,
1156 2474 1188 2500 et
1201 2471 1360 2501 omnibus
1374 2472 1451 2501 aliis
1465 2475 1535 2501 tam
1550 2468 1793 2500 ecclesiasticis

316 2508 474 2548 personis
490 2519 593 2549 quam
613 2510 839 2546 secularibus,
854 2511 1074 2542 libertatibus
1089 2515 1122 2542 et
1136 2511 1254 2542 liberis
1273 2513 1580 2543 consuetudinibus
1596 2522 1681 2552 quas
1696 2510 1793 2552 prius

319 2549 525 2580 habuerunt.

357 2592 405 2620 47.
438 2592 629 2621 Statuimus
649 2593 763 2628 etiam,
781 2593 820 2623 de
837 2594 1008 2624 communi
1028 2594 1172 2625 consilio
1192 2595 1300 2625 tocius
1318 2595 1416 2636 regni
1431 2595 1552 2630 nostri,
1570 2595 1659 2635 quod
1679 2594 1793 2625 omnia

320 2636 430 2662 ··astra
454 2633 665 2670 adulterina,
688 2634 847 2664 videlicet
866 2646 903 2665 83
928 2646 991 2676 que
1012 2648 1029 2666 a
1051 2636 1222 2677 principio
1246 2648 1369 2677 guerre
1391 2641 1480 2667 [note
1504 2637 1593 2666 inter
1616 2637 1792 2667 dominum

315 2673 508 2704 Johannem
537 2679 671 2715 patrem
700 2680 856 2706 nostrum
884 2681 915 2707 et
939 2678 1087 2707 barones
1115 2689 1194 2708 suos
1221 2679 1342 2719 Aug-lie
1367 2682 1565 2709 constructa
1590 2678 1715 2708 suerint
1739 2677 1791 2707 vel

316 2715 523 2752 reedificata,
551 2717 667 2746 statim
690 2717 883 2747 diruantur.
911 2718 997 2754 Quia
1021 2730 1101 2750 vcro
1126 2720 1277 2750 nondum
1298 2720 1483 2750 habuimus
1509 2720 1681 2760 sigillum,
1704 2719 1792 2749 hanc

320 2756 480 2798 [cartam]
508 2757 633 2805 sigillis
654 2758 783 2789 domini
804 2759 909 2799 legati
934 2760 1080 2800 predicti
1103 2765 1135 2790 et
1157 2762 1292 2792 comitis
1315 2762 1476 2792 willelmi
1501 2761 1689 2792 Mariscalli
1716 2770 1790 2791 rec-

317 2798 401 2828 toris
425 2798 559 2840 [nostri]
582 2804 614 2830 et
632 2800 727 2841 regni
748 2801 854 2831 nostri
876 2801 1016 2831 fecimus
1037 2802 1194 2842 sigillari.
