1955 3308
285 212 321 240 Ἀ
627 210 823 240 CHARTES
849 210 928 240 DEs
953 201 1165 241 LlssERTiZs·
1190 211 1431 241 ANGLAISES

286 285 510 344 gationem
547 286 612 328 sui
650 288 738 343 juis
770 287 938 344 pariter
976 296 1018 329 et
1055 288 1253 329 honoris.
1294 289 1404 342 Quia
1442 305 1544 329 vero
1579 289 1705 330 nobis
1749 306 1770 331 a

286 355 473 396 Domino
496 354 661 396 dictum
689 363 754 396 est
782 354 826 396 in
848 356 1085 413 prophetal
1114 373 1120 396 :
1147 356 1354 397 constitui
1384 365 1425 397 te
1452 373 1583 414 super
1612 365 1768 415 gentes

288 431 330 463 et
369 439 504 480 regna
543 432 589 464 ut
631 423 789 464 evellas
833 432 877 464 et
910 424 1110 465 destruas
1149 433 1191 465 et
1234 424 1445 466 hedifices
1488 433 1529 465 et
1568 424 1769 481 plantes;

288 490 479 548 itemque
504 507 584 548 per
608 491 738 532 alium
769 508 775 532 :
803 491 993 532 dissolve
1019 491 1346 549 colligationem
1372 492 1627 549 impietatis,
1656 492 1773 534 solve

289 558 521 599 fasciculos
544 558 861 615 deprimentes,
887 575 966 600 nos
989 567 1109 600 tante
1130 560 1414 617 malignitatis
1440 560 1663 601 audaciam
1684 560 1774 601 dis-

291 624 495 666 simulare
526 625 744 677 nolentes,
777 625 820 667 in
855 627 1095 684 apostolice
1124 627 1241 668 sedis
1270 635 1586 684 contemptum,
1617 627 1775 684 regalis

285 692 397 750 juris
445 693 744 750 dispendium,
792 695 1022 753 anglicane
1060 695 1205 753 gentis
1247 696 1533 752 opprobrium
1569 704 1611 736 et
1646 711 1775 753 grave

290 761 533 818 perieulum
568 762 708 803 tocius
744 763 912 821 negotii
948 762 1144 804 crucifixi
1181 763 1299 819 quod
1330 762 1480 819 utique
1508 762 1774 814 immineret,

292 828 376 871 nisi
411 845 489 886 per
522 829 826 871 auctoritatem
858 839 1051 872 nostram
1086 839 1396 872 revocarentur
1427 831 1605 872 omnino
1640 847 1723 887 que
1756 847 1776 871 a

290 905 412 938 tanto
438 896 639 954 principe
668 897 975 957 crucesignato
1002 898 1150 940 taliter
1178 906 1281 940 sunt
1305 906 1491 950 extorta,
1524 899 1652 939 ctiam
1682 898 1778 956 ipso

292 965 462 1006 volente
488 965 561 1006 illa
587 967 764 1017 servari,
793 982 845 1007 ex
872 975 995 1024 parte
1020 967 1101 1008 Dei
1128 966 1445 1024 omnipotentis
1473 967 1609 1024 patris
1635 975 1677 1007 et
1702 965 1777 1007 filii

293 1042 335 1074 et
379 1033 570 1090 Spiritus
609 1035 765 1086 sancti,
805 1036 1063 1076 auctoritate
1102 1051 1277 1093 quoque
1317 1036 1545 1077 beatorum
1581 1035 1699 1076 Petri
1738 1042 1780 1075 et

295 1101 418 1143 Pauli
447 1102 744 1158 apostolorum
768 1104 861 1160 ejus
887 1120 934 1145 ac
957 1112 1122 1154 nostra,
1148 1103 1201 1144 de
1228 1104 1449 1144 communi
1471 1103 1652 1144 fratrum
1678 1119 1780 1144 nos-

293 1178 460 1210 trorum
514 1169 722 1220 consilio,
769 1172 1135 1229 compositionem
1184 1171 1434 1227 hujusmodi
1493 1171 1780 1228 reprobamus

294 1238 470 1294 penitus
512 1246 553 1278 ct
597 1238 911 1296 dampnamus,
957 1240 1037 1280 sub
1083 1238 1442 1280 interminatione
1492 1239 1780 1280 anathematis

294 1305 583 1362 prohibentes
622 1322 675 1348 ne
715 1306 858 1348 dictus
897 1308 992 1348 Rex
1031 1323 1124 1348 eam
1164 1308 1397 1348 observare
1432 1315 1670 1363 presumat,
1710 1315 1782 1348 aut

296 1373 482 1414 barones
512 1390 609 1415 cum
640 1374 931 1432 complicibus
956 1375 1044 1416 suis
1068 1375 1206 1433 ipsam
1233 1376 1409 1433 exigant
1429 1375 1667 1426 observari,
1694 1383 1781 1415 tam

297 1450 457 1482 cartam
482 1458 610 1498 quam
632 1442 925 1500 obligationes
942 1460 1015 1484 seu
1041 1443 1265 1485 cautiones
1285 1459 1560 1500 quecumque
1584 1459 1664 1500 pro
1688 1442 1779 1498 ipsa

296 1509 363 1549 vel
404 1509 457 1550 dc
500 1509 593 1567 ipsa
628 1519 729 1552 sunt
764 1511 890 1562 facte,
929 1511 1151 1553 irritantes
1188 1511 1364 1569 penitus
1402 1519 1443 1552 et
1476 1520 1698 1552 cassantes
1737 1519 1783 1551 ut

300 1577 419 1618 nullo
456 1594 646 1635 unquam
684 1587 884 1637 tempore
919 1580 1108 1637 aliquam
1140 1581 1332 1621 habeant
1361 1579 1626 1620 firmitatem.
1665 1578 1783 1620 Nulli

298 1662 402 1703 ergo
431 1645 658 1687 hominum
687 1647 817 1688 liceat.
841 1649 954 1689 hauc
984 1649 1187 1707 paginam
1221 1647 1482 1690 cassationis
1513 1656 1556 1688 et
1584 1646 1784 1703 prohibi-

300 1713 434 1754 tionis
469 1713 730 1773 insringere,
766 1716 831 1757 vel
864 1717 901 1757 ei
932 1733 1037 1757 ausu
1063 1717 1296 1758 temerario
1326 1716 1559 1757 contraire.
1601 1714 1646 1756 Si
1687 1714 1784 1772 quis

300 1793 442 1826 autem
478 1787 560 1828 hoe
596 1794 857 1844 attemptare
886 1788 1223 1845 presumpserit,
1258 1786 1607 1845 indignationem
1643 1785 1785 1827 omni-

301 1853 494 1910 potentis
523 1855 604 1896 Dei
626 1863 668 1896 et
695 1855 921 1896 beatorum
948 1856 1066 1897 Petri
1089 1864 1132 1896 et
1154 1855 1276 1897 Pauli
1297 1855 1597 1912 apostolorum
1622 1855 1714 1911 ejus
1741 1869 1785 1894 se

303 1923 471 1963 noverit
515 1923 810 1965 incursurum.
852 1925 1011 1965 Datum
1050 1924 1248 1982 Anagnie
1288 1925 1380 1980 V111j
1420 1923 1504 1964 kal.
1543 1923 1783 1979 septembr.

303 1991 586 2047 pontificatus
609 1992 748 2033 nostri
775 2008 888 2033 anno
911 1992 1252 2033 octavodecimo.

345 2139 373 2168 ’1.
401 2140 444 2169 Ce
467 2140 634 2179 prophete
656 2144 705 2169 est
727 2141 885 2176 Jeremie,
907 2142 930 2176 I,
951 2142 1041 2176 9-10,
1065 2141 1148 2171 dont
1168 2141 1198 2170 le
1223 2151 1373 2181 passage
1398 2144 1472 2170 tout
1496 2139 1604 2170 entier
1625 2143 1676 2169 est
1697 2139 1786 2169 ainsi

304 2191 410 2218 conen
438 2191 442 2209 :
470 2181 510 2210 Et
533 2181 619 2210 dixit
644 2182 809 2212 Dominus
835 2183 877 2212 ad
903 2193 954 2212 me
983 2193 987 2212 z
1015 2194 1029 2211 «
1056 2193 1132 2212 ecce
1157 2182 1234 2212 dedi
1257 2182 1361 2212 verba
1384 2192 1458 2212 mea
1479 2182 1513 2211 in
1537 2191 1595 2211 ore
1619 2184 1689 2216 tuo,
1711 2191 1787 2210 ecce

303 2222 464 2251 constitui
487 2226 517 2251 te
534 2233 638 2263 super
653 2228 771 2263 gentes
788 2228 820 2253 et
835 2235 939 2264 super
955 2235 1062 2264 regna
1079 2228 1116 2254 ut
1133 2224 1278 2260 evellas,
1296 2228 1333 2254 ut
1354 2224 1525 2259 destruas,
1546 2227 1577 2252 et
1591 2222 1785 2262 disperdas,

305 2268 337 2293 et
357 2263 524 2302 dissipes,
546 2268 578 2293 et
595 2265 760 2299 aedifices,
782 2269 813 2295 et
830 2266 979 2305 planteS.
1007 2277 1021 2294 »
1047 2284 1087 2288 —
1114 2266 1248 2295 L'autre
1272 2265 1440 2305 prophete
1464 2268 1516 2294 est
1539 2265 1643 2298 Isa'ie‚
1670 2264 1718 2298 58,
1739 2266 1757 2291 Γ»
1780 2274 1785 2292 ³

305 2316 319 2332 «
344 2304 500 2334 Dissolve
519 2305 758 2345 colligationes
778 2307 979 2346 impietatis,
998 2308 1092 2337 solve
1112 2307 1295 2336 fasciculos
1314 2306 1557 2347 deprimentes,
1578 2305 1712 2335 dimitte
1730 2315 1786 2335 eos

302 2346 359 2386 qni
379 2346 544 2376 confracti
564 2352 643 2377 sunt
662 2348 800 2385 liberos,
818 2353 851 2378 et
868 2359 967 2379 omne
986 2360 1071 2378 onus
1089 2348 1259 2389 dirumpe.
1281 2359 1295 2378 »
