1955 3308
338 203 376 231 18
677 202 874 233 CHARTES
899 203 979 233 DES
1003 194 1214 233 LIBERTES
1239 203 1476 235 ANGLAISES

337 277 426 320 rint
454 278 547 320 sine
576 279 731 320 marito
757 281 923 331 vivere,
951 281 1010 321 ita
1038 288 1182 322 tamen
1212 282 1329 338 quod
1356 282 1635 323 securitatem
1664 282 1826 323 facient

339 347 457 403 quod
502 363 591 388 nou
634 347 902 388 maritabunt
938 364 982 388 se
1025 349 1118 389 sine
1155 364 1336 389 assensu
1375 349 1512 407 regis,
1555 348 1590 390 si
1630 349 1684 390 de
1722 345 1825 407 rege

338 423 532 466 teneant,
556 415 623 456 vel
647 414 928 456 dominorum
951 432 1127 457 suorum
1154 416 1208 456 de
1233 417 1391 473 quibus
1417 425 1584 458 tenent.

399 509 467 551 18.
503 511 567 552 Ne
601 509 953 551 constabularius
984 510 1050 550 vel
1083 510 1191 550 alius
1220 510 1404 551 ballivus
1433 511 1577 567 capiat
1602 510 1731 551 blada
1758 510 1824 551 vel

338 577 420 619 alia
443 577 609 629 catalla,
638 577 722 618 nisi
748 577 893 618 statim
917 578 1120 618 denarios
1143 577 1246 618 inde
1272 577 1441 629 reddat,
1468 579 1551 619 nisi
1575 587 1824 635 respectum

337 646 501 687 habere
520 646 659 702 possit
683 646 737 686 de
756 646 978 686 voluntate
1002 645 1260 686 venditoris.

399 741 465 782 19.
504 742 567 782 Ne
591 739 941 781 constabularius
967 740 1107 796 possit
1132 739 1399 797 distringere
1426 740 1614 798 aliquem
1641 739 1825 781 militem

337 810 391 851 ad
422 808 613 850 dandum
639 807 844 849 denarios
875 825 955 865 pro
987 808 1185 849 custodia
1215 809 1370 859 castri,
1405 809 1441 849 si
1467 808 1653 849 voluerit
1684 808 1824 849 facere

339 876 584 920 custodiam
614 877 730 917 illam
764 877 808 916 in
840 875 1018 933 propria
1046 892 1232 933 persona
1263 876 1329 917 vel
1363 893 1442 933 per
1475 875 1606 917 alium
1636 877 1825 933 probum

337 945 577 995 hominem,
614 944 648 985 si
683 944 778 1002 ipsc
810 961 902 985 cain
937 945 1078 985 facere
1112 960 1199 985 11011
1234 944 1374 1001 possit
1407 960 1486 1001 per
1520 943 1825 985 rationabilem

338 1030 538 1063 causam3
569 1022 609 1054 et
637 1012 671 1053 si
695 1029 770 1054 rex
796 1029 893 1053 011111
917 1013 1091 1053 duxerit
1115 1014 1158 1054 in
1185 1013 1468 1065 excercitum,
1492 1014 1547 1054 sit
1568 1013 1743 1070 quietus
1771 1012 1824 1053 de

339 1082 538 1124 custodia
561 1081 801 1123 secundum
828 1080 1116 1138 quantitatem
1138 1082 1369 1139 temporis.

396 1176 467 1218 20.
504 1178 567 1219 Ne
596 1175 864 1226 vicecomes,
904 1176 970 1217 vel
1002 1175 1185 1217 ballivus
1218 1177 1357 1233 regis,
1393 1175 1460 1216 1·οΙ
1493 1175 1650 1232 aliquis
1683 1174 1792 1216 alius
1812 1207 1822 1226 ,

338 1244 481 1301 capiat
513 1260 649 1301 equos
679 1244 745 1285 1·οΙ
775 1253 963 1285 carettas
992 1244 1175 1301 alicujus
1202 1243 1332 1285 liberi
1357 1243 1549 1285 hominis
1580 1260 1659 1301 pro
1687 1242 1824 1284 caria-

337 1312 411 1370 gio
437 1311 656 1364 faciendo,
685 1311 769 1353 nisi
791 1329 842 1353 ex
868 1312 1090 1354 voluntate
1114 1312 1269 1369 ipsius.

396 1405 467 1446 21.
505 1407 568 1448 Ne
604 1422 679 1447 rex
711 1406 777 1447 vel
808 1406 992 1447 ballivus
1023 1422 1125 1447 suus
1159 1406 1300 1463 capiat
1329 1405 1516 1446 alienum
1551 1406 1734 1447 boscum
1768 1404 1821 1445 ad

337 1482 477 1515 castra
509 1474 576 1515 vel
610 1474 663 1514 ad
698 1473 781 1514 alia
816 1474 981 1533 agenda
1023 1490 1115 1525 sua,
1156 1474 1239 1514 nisi
1273 1491 1352 1531 per
1381 1474 1649 1515 voluntatem
1682 1472 1821 1530 ipsius

337 1544 460 1599 cujus
489 1542 648 1583 boscus
677 1542 750 1583 ille
778 1542 923 1583 fuerit.

396 1636 466 1678 22.
503 1639 567 1679 Ne
597 1653 671 1678 rex
696 1645 846 1678 teneat
879 1645 1039 1678 terram
1071 1653 1222 1678 eorum
1256 1637 1330 1694 qui
1358 1637 1520 1678 fuerint
1551 1636 1739 1677 convicti
1768 1635 1820 1676 de

336 1705 512 1756 felonia,
544 1705 628 1746 nisi
653 1722 731 1763 per
758 1721 892 1746 unum
915 1721 1077 1746 annum
1102 1714 1145 1746 ct
1168 1722 1301 1747 unum
1325 1705 1454 1757 diem,
1485 1705 1562 1746 sed
1586 1713 1691 1746 111110
1720 1704 1821 1745 red-

337 1773 464 1814 datur
487 1773 665 1815 domino
692 1773 821 1814 feodi.

394 1867 464 1909 23.
503 1869 559 1910 Ut
592 1884 744 1909 omnes
782 1868 935 1909 kidelli
972 1868 1026 1909 de
1064 1876 1211 1909 cetero
1245 1868 1421 1925 penitus
1455 1868 1734 1926 deponantur
1768 1867 1821 1908 de

336 1935 525 1977 Tamisia
551 1944 593 1977 et
620 1936 873 1993 Medeweye
896 1944 938 1977 et
958 1952 1037 1993 per
1060 1944 1195 1978 totam
1218 1936 1438 1995 Aug-liam.

395 2030 464 2072 24.
504 2033 566 2073 Ne
587 2032 717 2072 breve
735 2031 852 2087 quod
868 2040 1085 2072 vocatur«
1105 2032 1289 2088 Precipe
1309 2049 1329 2070 ³>
1356 2031 1409 2072 de
1432 2034 1578 2072 cetero
1596 2031 1668 2072 fiat
1690 2029 1818 2071 alicui

336 2100 391 2141 de
419 2099 565 2156 aliquo
591 2107 844 2140 tenemento
871 2099 985 2140 unde
1011 2099 1123 2140 liber
1149 2099 1279 2140 homo
1304 2101 1472 2140 amittat
1494 2100 1658 2140 curiam
1679 2115 1815 2140 suam.

396 2204 467 2245 25.
506 2203 551 2246 Si
586 2204 683 2260 quis
720 2202 849 2244 suerit
882 2203 1129 2244 disseisitus
1157 2204 1222 2244 1·οΙ
1251 2203 1538 2262 prolongatus
1567 2219 1645 2260 per
1672 2219 1819 2261 regem

337 2272 430 2313 sine
460 2271 622 2328 juditio
658 2271 710 2312 de
747 2272 897 2321 terris,
933 2271 1235 2321 libertatibus,
1266 2279 1309 2312 et
1334 2273 1430 2327 jure
1465 2287 1566 2322 suo,
1603 2271 1747 2312 statim
1778 2275 1820 2313 01

336 2340 616 2389 restituatur3
642 2348 683 2380 et
711 2340 746 2380 si
772 2339 998 2380 contentio
1027 2355 1158 2396 super
1186 2341 1269 2380 1100
1298 2347 1390 2380 orta
1415 2340 1561 2389 suerit,
1588 2347 1691 2379 tunc
1713 2338 1819 2380 inde

336 2408 597 2464 disponatur
624 2407 925 2464 pcrjuditium
953 2424 1063 2448 .xxv.
1090 2408 1319 2457 baronum,
1341 2416 1381 2448 et
1406 2415 1451 2447 ut
1475 2406 1537 2447 illi
1562 2406 1635 2463 qui
1660 2407 1820 2448 suerint

335 2474 547 2517 dissaisiti
572 2491 649 2532 per
670 2483 837 2532 patrem
866 2475 931 2516 vel
957 2476 1131 2516 fratrem
1160 2476 1291 2533 regis,
1314 2483 1479 2516 rectum
1507 2475 1699 2515 habeant
1723 2474 1818 2516 sine

335 2542 547 2584 dilatione
575 2558 653 2599 per
677 2543 883 2599 juditium
912 2544 1083 2599 parium
1118 2559 1294 2584 suorum
1322 2543 1366 2583 in
1394 2543 1511 2583 curia
1539 2542 1681 2601 rcgis3
1712 2550 1756 2584 et
1783 2543 1819 2584 si

336 2627 412 2652 rex
432 2611 591 2652 debeat
609 2611 771 2651 habere
790 2610 1026 2651 terminum
1049 2611 1231 2652 aliorum
1257 2627 1385 2652 cruce
1407 2610 1696 2668 signatorum,
1715 2619 1818 2652 tunc

335 2679 696 2736 archiepiscopus
729 2687 770 2719 et
798 2678 996 2736 episcopi
1024 2678 1182 2720 faciant
1208 2679 1308 2720 inde
1331 2678 1538 2735 juditium
1569 2678 1621 2720 ad
1650 2687 1817 2720 certum

337 2747 468 2798 diem,
498 2745 792 2804 appellatione
820 2755 1000 2788 remota.
