1955 3308
371 230 408 260 V.
435 246 471 253 —
495 227 668 260 GRANDE
694 226 865 257 CHARTE
890 226 945 256 DE
968 225 1074 255 JEAN
1100 226 1206 256 SANS
1234 225 1375 255 TERRE
1575 227 1613 255 37

187 308 257 350 59.
292 307 382 350 Nos
403 307 619 365 faciemus
641 303 897 344 Alexandro
925 304 1021 359 regi
1040 302 1283 343 Scottorum
1313 301 1364 342 de
1391 302 1614 342 sororibus

128 378 235 427 suis,
263 385 303 416 et
325 373 546 416 obsidibus
568 371 813 421 reddendis,
838 379 876 411 et
898 369 1169 411 libertatibus
1192 371 1300 420 suis,
1330 378 1369 409 et
1383 370 1492 425 jure
1512 385 1608 421 suo,

129 443 364 485 seeundum
396 442 587 499 formam
624 441 665 479 in
700 455 788 497 qua
814 439 1029 496 faciemus
1059 437 1160 479 aliis
1191 437 1427 478 baronibus
1457 439 1615 477 nostris

128 510 307 568 Anglie,
344 511 433 551 nisi
455 509 585 549 aliter
611 523 701 548 esse
730 507 884 547 debeat
902 522 985 563 per
1012 515 1161 547 cartas
1185 521 1295 563 quas
1324 505 1534 546 habemus
1565 504 1615 544 de

141 578 350 621 I‘Villelmo
368 586 498 635 patre
523 578 674 633 ijosius,
702 573 919 633 quondam
947 590 1047 614 reae
1071 574 1343 626 Scottorum;
1367 582 1406 614 et
1430 573 1508 614 boe
1535 573 1618 613 erit

991 607 1016 631 o

127 663 208 705 per
221 647 440 704 judicium
459 646 639 702 parium
667 659 846 683 suorum
878 643 918 682 in
943 643 1069 682 curia
1093 650 1258 682 nostra.

189 758 260 801 60.
297 759 459 800 Omnes
489 765 632 797 autem
659 755 764 796 istas
796 752 1141 796 consuetudines
1166 752 1386 811 predictas
1416 761 1458 794 et
1481 752 1615 794 liber-

132 835 242 868 tates
271 842 378 883 quas
405 841 483 867 nos
507 822 802 867 concessimus
830 823 874 864 in
898 838 1034 880 regno
1062 830 1214 863 nostro
1240 821 1453 862 tenendas
1478 836 1617 878 quan-

132 904 222 937 tum
252 894 306 936 ad
333 910 411 935 nos
443 893 637 951 pertinet
664 907 768 950 erga
796 899 988 942 nostros,
1017 905 1169 931 onmes
1198 889 1251 930 de
1279 904 1416 947 regno
1441 897 1613 936 nostro,

133 971 219 1004 tam
252 962 401 1004 clerici
425 962 563 1019 jquam
599 959 714 1011 laici,
750 959 985 1000 observent
1015 965 1225 1015 quantum
1258 956 1311 998 ad
1345 973 1389 998 se
1424 956 1618 1014 pertinet

134 1046 237 1088 erga
266 1045 382 1072 SUOS.

190 1141 260 1183 61.
301 1142 405 1182 Cum
436 1149 578 1181 autem
600 1156 686 1198 pro
712 1141 816 1190 Deo,
850 1147 889 1180 et
916 1138 976 1179 ad
1001 1138 1346 1179 emendacionem
1375 1140 1500 1195 regni
1524 1153 1616 1179 nos-

132 1212 210 1260 tri,
239 1219 277 1250 et
298 1210 358 1250 ad
382 1209 535 1249 melius
556 1207 806 1266 sopiendum
832 1206 1094 1247 discordiam
1130 1207 1240 1246 inter
1263 1221 1340 1245 nos
1367 1214 1406 1245 et
1433 1206 1618 1247 barones

131 1288 300 1319 nostros
339 1286 497 1327 ortam,
529 1277 603 1317 [ια’
637 1277 783 1316 (nnnia
805 1275 1010 1332 predicta
1043 1276 1397 1324 concesserimus,
1433 1273 1618 1315 volentes

132 1363 183 1388 ea
206 1348 375 1402 [ntegra
395 1354 433 1385 et
453 1344 487 1400 fi
492 1360 588 1385 rma
606 1343 844 1384 stabilitate
869 1345 908 1383 in
920 1351 1178 1399 perpetuum
1198 1342 1411 1400 gaudere,
1426 1342 1559 1400 facim
1569 1358 1616 1383 us

131 1424 170 1455 et
206 1413 479 1454 concedimus
513 1415 572 1452 eis
608 1414 883 1451 securitatem
919 1411 1237 1465 subscriptam‚·
1277 1409 1469 1450 videlieet
1504 1411 1620 1467 quod

133 1482 319 1523 barones
337 1480 499 1537 eligant
522 1481 676 1538 Viginti
698 1482 886 1537 quinque
908 1478 1092 1518 barones
1117 1478 1167 1518 de
1190 1493 1320 1535 regno
1345 1494 1451 1535 quos
1474 1479 1616 1520 volue-

133 1551 234 1600 rint,
263 1551 338 1607 qui
360 1549 543 1589 debeant
567 1564 647 1604 pro
677 1549 776 1587 totis
804 1547 965 1587 viribus
989 1548 1080 1586 suis
1102 1546 1353 1597 observare,
1387 1555 1551 1597 tenere,
1579 1556 1616 1587 et

129 1617 279 1675 facere
313 1617 558 1666 observari,
581 1632 735 1673 pacem
764 1624 801 1654 et
831 1614 1050 1654 libertates
1080 1630 1190 1671 quas
1214 1617 1273 1654 eis
1304 1617 1611 1665 concessimus,

133 1694 171 1726 et
189 1685 481 1742 lzaepresenti
501 1693 626 1724 carta
647 1692 798 1723 nostra
820 1682 1198 1737 eonsirmavimus‚·
1223 1683 1280 1722 ita
1303 1681 1463 1722 scilieet
1483 1683 1612 1740 quod,

130 1756 172 1793 si
188 1769 280 1803 nos,
304 1753 663 1809 veljustieiarius
688 1760 848 1801 noster,
871 1749 936 1791 vel
952 1750 1102 1790 ballivi
1122 1751 1273 1799 nostri,
1297 1750 1362 1790 vel
1383 1749 1544 1808 aliquis
1565 1751 1616 1791 (le

133 1823 342 1861 ministris
370 1822 552 1869 nostris,
587 1821 627 1859 in
661 1818 808 1876 aliquo
836 1833 939 1875 erga
971 1817 1157 1875 aliquem
1191 1817 1522 1875 (l‹,³lt‘(]11e1·t'tnus,
1553 1818 1619 1858 vel

133 1889 320 1946 aliquem
348 1887 633 1928 articulorum
660 1889 787 1944 pacis
814 1895 889 1927 (tut
910 1887 1159 1926 securitatis
1189 1888 1457 1942 transgressi
1475 1886 1615 1943 fueri-

132 1973 244 2006 mus,
275 1965 314 1996 et
340 1956 538 1997 delictum
566 1964 779 1996 ostensum
805 1955 942 2013 fuerit
968 1963 1158 2011 quatuor
1186 1954 1422 1994 baronibus
1442 1954 1493 1994 de
1511 1970 1614 2011 pre-

131 2025 256 2065 dic-tis
288 2025 441 2081 viginti
468 2025 656 2081 quinque
682 2023 939 2072 baronibus,
976 2021 1041 2062 illi
1061 2030 1252 2079 quatuor
1278 2022 1463 2062 barones
1497 2038 1613 2062 acce-

133 2092 239 2132 dant
267 2092 327 2132 acl
348 2108 425 2132 nos
454 2091 520 2132 vel
543 2091 914 2147 adjusticiarium
942 2099 1154 2140 nostrum,
1187 2091 1228 2130 si
1244 2091 1460 2148 fuerimus
1488 2099 1615 2130 extra

132 2176 328 2217 regnum,
356 2168 649 2216 proponentes
684 2159 806 2199 nobis
840 2174 1090 2210 tarcessum&
1126 2166 1271 2214 petent
1311 2167 1356 2198 ut
1391 2174 1611 2198 aceessum

133 2228 249 2268 illum
279 2229 370 2268 sine
397 2228 612 2268 dilacione
635 2228 858 2285 fin'iamus
880 2226 1118 2266 emendari.
1149 2227 1206 2265 Et
1230 2228 1268 2265 si
1290 2242 1367 2266 nos
1391 2242 1611 2267 excessum

132 2311 215 2335 non
248 2296 636 2346 emendaverimus,
680 2294 757 2344 vel,
787 2296 829 2333 si
853 2294 1069 2351 fuerimus
1096 2302 1222 2334 ἅτινα
1254 2310 1451 2350 regnum,
1475 2295 1614 2349 justi-

132 2365 294 2404 ciarius
328 2372 473 2404 noster
506 2379 591 2403 non
628 2363 920 2403 emendaverit
961 2362 1079 2419 infra
1117 2370 1282 2418 tempus
1315 2362 1614 2419 quadraginta

132 2430 296 2472 dierum
342 2431 675 2487 computandum
721 2446 747 2470 a
794 2439 982 2486 tempore
1023 2445 1106 2487 quo
1151 2438 1436 2469 monstratum
1477 2430 1614 2487 fuerit

134 2498 254 2539 nobis
278 2498 343 2540 vel
355 2500 612 2555 justit-iaris)
640 2507 802 2547 nostro,
835 2499 876 2537 si
898 2506 1025 2537 ert‘tra
1055 2512 1234 2554 regumn
1257 2497 1490 2554 fuerimus,
1510 2513 1611 2553 pre-

133 2565 240 2606 dicti
260 2575 449 2624 quatuor
476 2567 661 2607 barones
684 2566 879 2623 referant
904 2580 1083 2606 eausam
1112 2564 1228 2605 illam
1261 2565 1321 2605 acl
1344 2565 1540 2605 residuos
1562 2565 1613 2606 de

136 2633 219 2674 illis
240 2636 391 2691 viginti
408 2636 595 2692 quinque
621 2633 874 2684 baronibus,
901 2642 941 2673 et
963 2633 1029 2673 illi
1048 2634 1406 2690 vigintiquinque
1428 2633 1612 2673 barones

133 2716 226 2741 eum
270 2703 514 2742 eommunia
552 2704 687 2743 tocius
727 2710 841 2742 terre
879 2701 1138 2758 distringent
1173 2709 1211 2740 et
1251 2700 1494 2742 ⁰·ravabunt
1535 2716 1612 2740 nos

1243 2733 1266 2758 0

136 2769 273 2810 modis
298 2770 495 2811 omnibus
521 2771 676 2828 quibus
699 2778 925 2827 poterunt,
954 2769 1115 2809 scilieet
1134 2784 1215 2825 per
1241 2770 1485 2825 capcionem
1513 2783 1610 2807 eas-
