1955 3308
334 217 370 249 X.
390 235 428 240 -
451 205 701 247 DOLIJJANCES
726 213 784 245 DU
807 211 1065 244 PARLEMENT
1087 212 1279 253 (JUILLET
1303 212 1395 253 1297)
1562 211 1598 242 77

193 354 383 396 Articuli
401 370 507 412 quos
535 354 706 393 comites
723 354 941 409 petierunt
962 353 1131 391 nomine
1157 350 1489 391 Communicatis
1505 349 1533 390 ¹.

189 485 276 524 IIec
305 491 404 523 sunt
424 489 680 522 nocumenta
700 496 782 536 que
802 478 1142 536 archiepiscopi,
1163 477 1378 535 episcopi,
1398 478 1595 528 abbates,

131 551 322 608 priores,
357 549 560 599 comites,
591 548 776 589 barones
814 556 855 588 et
888 556 976 588 tota
1009 555 1124 587 terre
1164 545 1451 587 communitas
1485 554 1600 586 terre

133 626 377 659 monstrant
405 617 581 658 domino
610 625 759 657 nostro
785 615 899 673 regi3
925 624 965 655 et
994 613 1218 655 humiliter
1246 622 1401 671 rogant
1427 630 1523 655 eum
1552 622 1598 654 ut

133 702 179 727 ea
205 686 257 727 ad
284 686 496 726 honorem
525 693 565 726 et
594 683 874 725 salvationem
902 682 1052 740 populi
1089 682 1155 723 sui
1180 681 1283 723 velit
1311 682 1532 740 corrigere
1557 690 1597 722 et

135 754 383 795 emendare.

194 849 230 889 1.
270 850 315 889 In
341 846 493 904 primis
514 847 686 887 videtur
714 845 793 885 toti
822 844 1121 885 communitati
1145 853 1260 884 terre
1289 843 1404 900 quod
1434 859 1602 900 premo-

134 915 241 957 nitio
256 916 270 943 ‘3
295 916 404 956 facta
432 914 494 955 eis
517 929 594 971 per
616 914 745 954 breve
769 913 933 953 domini
956 912 1095 953 nostri
1125 911 1240 969 regis
1268 927 1352 952 non
1379 920 1471 952 crat
1499 911 1602 952 satis

134 982 376 1032 sufficiens,
411 982 511 1038 quia
543 997 629 1022 non
665 980 992 1038 exprimebatur
1021 989 1164 1021 certus
1199 979 1318 1020 locus
1351 995 1436 1036 quo
1471 979 1603 1020 debe-

132 1051 235 1091 bant
263 1050 347 1101 ire,
380 1049 478 1108 quia
509 1048 748 1090 secundum
780 1048 922 1089 locum
947 1048 1175 1105 oportebat
1206 1047 1345 1088 saccre
1370 1046 1604 1104 providen-

131 1118 235 1159 tiam
259 1127 299 1159 et
320 1117 549 1174 pecuniam
571 1117 750 1166 habere,
775 1125 815 1157 ct
842 1116 930 1157 sive
953 1116 1167 1157 deberent
1195 1114 1417 1156 servitium
1446 1115 1601 1159 facere,

133 1186 221 1227 sive
250 1202 350 1227 non.
390 1186 472 1226 Et5‘
505 1185 601 1242 quia
635 1184 797 1225 dictum
834 1193 900 1225 est
938 1183 1227 1225 communiter
1256 1183 1374 1240 quod
1403 1183 1605 1224 dominus

134 1262 283 1295 noster
302 1253 390 1294 vult
415 1253 601 1294 transire
616 1252 631 1281 4
651 1252 695 1293 in
719 1252 982 1301 Flandriam,
1004 1251 1176 1292 videtur
1196 1251 1276 1292 toti
1303 1251 1605 1292 communitati

134 1321 251 1378 quod
278 1322 339 1362 ibi
366 1337 453 1362 non
477 1321 637 1362 debent
662 1319 837 1376 aliquod
864 1319 1086 1360 servitium
1117 1320 1271 1369 facere,
1297 1319 1397 1376 quia
1419 1335 1497 1360 nec
1521 1319 1605 1376 ipsi

135 1404 212 1430 nec
241 1389 577 1446 predecessores
604 1404 678 1429 seu
708 1388 1012 1445 progenitores
1039 1403 1227 1445 unquam
1256 1387 1452 1428 fecerunt
1479 1386 1607 1428 servi-

133 1457 239 1497 tium
270 1457 313 1497 in
349 1466 465 1497 terra
493 1456 588 1505 illa3
620 1465 659 1496 et
696 1455 890 1512 quamvis
926 1455 981 1496 ita
1012 1464 1125 1496 esset
1158 1454 1273 1511 quod
1304 1455 1518 1496 deberent
1545 1454 1606 1495 ibi

134 1524 356 1565 servitium
396 1524 534 1565 facere
567 1523 632 1564 vel
649 1525 663 1551 ὖ
700 1523 826 1574 alibi,
864 1532 1008 1564 tamen
1044 1539 1130 1564 non
1166 1522 1328 1563 habent
1358 1523 1607 1564 facultatem

133 1591 341 1641 faciendi,
369 1591 469 1649 quia
495 1591 624 1631 nimis
653 1590 801 1631 afflicti
832 1599 930 1631 sunt
958 1607 1036 1647 per
1063 1590 1233 1631 diversa
1258 1590 1459 1648 tallagia,
1487 1589 1608 1630 auxi-

132 1658 211 1709 lia,
244 1659 406 1716 prisas,
443 1659 643 1700 videlicet
683 1660 735 1700 dc
770 1659 937 1703 avenis,
973 1658 1224 1710 frumentis,
1262 1659 1440 1708 braseo,
1472 1658 1605 1707 lanis,

134 1726 286 1778 coriis,
315 1727 472 1777 bobus,
501 1726 666 1777 vaccis,
695 1726 898 1768 carnibus
924 1726 1071 1776 salsis,
1103 1726 1196 1767 sine
1230 1726 1445 1767 solutione
1473 1726 1609 1767 alicu-

130 1796 199 1851 jus
227 1795 416 1846 denarii,
445 1795 497 1835 de
521 1794 679 1851 quibus
708 1794 951 1835 debuerant
980 1811 1024 1835 se
1048 1803 1338 1836 sustentasse.

193 1889 232 1929 2.
271 1891 420 1930 Preter
453 1890 533 1930 hec
563 1889 711 1930 dicunt
746 1889 863 1946 quod
894 1889 1100 1930 auxilium
1130 1890 1270 1931 facere
1301 1906 1386 1931 non
1422 1898 1607 1947 possunt

135 1966 314 2014 propter
340 1966 641 2014 paupertatem
670 1957 713 1998 in
745 1973 826 2013 qua
856 1966 955 1998 sunt.
986 1967 1168 2014 propter
1198 1958 1373 2015 tallagia
1400 1967 1441 1998 et
1469 1958 1608 2015 prisas

136 2024 398 2076 antedictas,
433 2025 532 2081 quia
568 2025 636 2065 vix
669 2025 828 2065 habent
867 2025 980 2065 unde
1016 2042 1059 2066 se
1099 2035 1368 2076 sustentent3
1409 2035 1451 2066 et
1485 2024 1608 2067 multi

136 2101 235 2133 sunt
271 2092 343 2150 qui
388 2093 551 2133 nullam
593 2092 955 2134 sustentationem
995 2093 1159 2135 habent
1205 2110 1284 2136 nec
1330 2103 1468 2135 terras
1512 2110 1609 2135 suas

137 2160 281 2201 colere
308 2169 507 2217 possunt.

193 2253 235 2295 3.
270 2256 423 2296 Preter
450 2256 545 2304 hcc,
570 2264 659 2295 tota
685 2256 971 2296 communitas
994 2264 1110 2296 terre
1136 2255 1268 2296 sentit
1294 2272 1338 2296 se
1364 2255 1488 2297 valde
1515 2271 1608 2314 gra-

136 2331 273 2363 vatam
300 2322 400 2380 quia
426 2339 513 2363 non
548 2331 759 2363 tractatur
786 2323 1025 2364 secundum
1051 2323 1170 2381 leges
1197 2332 1239 2364 et
1266 2323 1608 2365 consuetudines

136 2398 272 2440 terre,
313 2391 552 2432 secundum
593 2407 698 2447 quas
731 2392 909 2432 tractari
948 2400 1248 2433 antecessores
1285 2393 1350 2433 sui
1386 2391 1606 2442 solebant,

182 2563 207 2593 l.
228 2563 322 2610 *Da-ns
346 2564 548 2611 Rishanger,
571 2570 656 2595 cette
680 2566 842 2606 rubrique
867 2570 918 2596 est
941 2565 1118 2596 differente
1139 2576 1144 2595 :
1165 2564 1343 2596 Petitiones
1363 2565 1611 2595 communitatis

139 2604 372 2676 ΓεξιιιΗῑζιΞᾜῑὲ-ξε
387 2607 651 2677 ᾆεὲᾴζξίεζιᾷἓη
667 2618 685 2636 a
703 2618 765 2663 pas
784 2607 1138 2677 dans-tWalsingham.

179 2669 208 2717 Ξ.
234 2687 283 2716 Id
304 2698 310 2717 ἰ
330 2658 495 2718 etgom}s.‹
541 2659 600 2688 Ing
628 2659 683 2678 am
703 2673 708 2678 .
723 2659 877 2689 prelllllnl
897 2659 939 2678 lo.

179 2729 208 2799 [Ξ.
233 2728 284 2799 {g
330 2730 559 2800 istansfrelare,
580 2730 668 2761 ainsi
686 2742 750 2772 que
766 2731 940 2772 plusieurs
957 2731 1131 2762 variantes
1150 2730 1209 2760 des
1230 2741 1312 2761 mss.
1332 2730 1372 2761 de
1394 2731 1527 2762 Trevet.
