1955 3308
542 219 628 250 vm.
652 238 692 244 --
714 219 883 252 CHARTE
908 220 961 251 DE
986 220 1036 251 LA
1061 213 1200 252 FORET
1563 222 1601 252 65

139 296 339 339 omnibus
373 296 542 339 ballivis
576 305 618 338 et
645 297 847 339 fidelibus
880 298 1014 349 suis¹,
1049 298 1248 339 salutern.
1278 297 1435 340 Sciatis
1463 299 1597 355 quod,

137 364 294 406 intuitu
319 366 401 407 Dei
419 374 460 406 et
484 381 563 422 pro
585 365 721 406 salute
743 365 885 406 anime
905 374 1053 407 nostre
1076 375 1118 406 et
1142 365 1379 406 animarum
1405 374 1599 407 anteces-

136 449 279 473 sorum
314 441 356 474 et
390 448 686 474 successorum
719 442 987 483 nostrorum,
1019 434 1071 475 ad
1099 433 1411 475 exaltacionem
1443 433 1600 475 Sancte

136 499 329 541 Ecclesie
351 509 392 541 et
412 500 767 542 emendacionem
788 501 911 559 regni
934 503 1088 553 nostri,
1111 501 1434 543 concessimus?
1456 510 1498 542 et
1519 502 1599 542 hac

133 569 326 624 presenti
351 577 467 609 carta
489 568 833 610 confirmavimus
856 585 935 626 pro
961 569 1086 610 nobis
1111 578 1153 610 et
1174 568 1410 610 heredibus
1438 569 1599 610 nostris

134 634 176 675 in
207 644 479 693 perpetuum,
512 636 564 676 de
593 636 772 678 consilio
804 636 1064 678 venerabilis
1097 637 1232 694 patris
1264 635 1401 677 nostri
1432 635 1597 677 domini

133 703 343 745 Gualonis
370 704 483 745 tituli
510 705 648 746 sancti
674 704 850 746 Martini
877 705 1114 761 presbiteri
1143 703 1377 745 cardinalis
1403 711 1446 745 et
1470 719 1599 761 apos-

131 771 260 813 tolice
291 772 405 813 sedis
437 772 590 831 legati,
625 772 789 813 domini
820 772 1002 815 &Valteri
1035 771 1323 813 Eboracensis
1359 772 1599 828 archiepis-

132 840 244 896 copi,
269 839 477 884 Willelmi
503 839 823 881 Londoniensis
851 839 1062 896 episcopi,
1092 847 1134 880 et
1161 839 1342 880 aliorum
1369 838 1598 896 episcopo-

134 923 224 947 rum
246 907 418 965 Anghe,
446 917 487 948 et
512 907 719 952 Willelmi
739 907 983 948 Marescalli
1013 906 1183 947 comitis
1210 906 1471 957 Penbrocie,
1503 922 1598 948 rec-

131 975 236 1015 toris
259 975 395 1016 nostri
421 984 463 1016 et
490 975 613 1033 regni
640 975 797 1025 nostri,
827 982 869 1015 et
893 974 1076 1015 aliorum
1103 974 1297 1015 fidelium
1324 975 1527 1015 comitum
1556 983 1598 1015 et

130 1042 340 1083 baronum
390 1051 638 1084 nostrorum
683 1041 863 1100 Anglie,
918 1043 995 1083 has
1047 1042 1272 1083 libertates
1327 1041 1596 1099 subscriptas

129 1109 339 1152 tenendas
362 1109 405 1151 in
431 1127 567 1169 regno
593 1118 742 1151 nostro
766 1109 945 1167 Anglie,
974 1109 1017 1150 in
1042 1119 1302 1167 perpetuum
1332 1127 1338 1150 :

189 1221 226 1262 1.
264 1223 311 1263 In
338 1222 491 1279 primis
511 1238 660 1263 omnes
685 1222 842 1263 foreste
861 1237 965 1278 quas
989 1222 1200 1262 lIenricus
1227 1238 1301 1263 rex
1325 1238 1425 1263 avus
1448 1230 1597 1264 noster

127 1289 390 1331 afforestavit
419 1287 754 1347 videanturper
783 1290 920 1330 bonos
950 1298 990 1330 et
1021 1289 1184 1345 legales
1212 1288 1433 1341 homines;
1465 1299 1526 1340 ct,
1560 1291 1594 1332 si

127 1357 306 1399 boscum
329 1357 516 1414 aliquem
539 1357 668 1398 alium
688 1373 813 1414 quam
842 1373 964 1398 sunm
991 1356 1255 1398 dominicum
1282 1357 1595 1399 ass‘orestaverit

126 1425 177 1466 ad
206 1425 440 1482 dampnum
469 1425 584 1466 illius
615 1427 736 1482 cujus
768 1425 925 1466 boscus
955 1425 1105 1475 fucrit,
1135 1424 1515 1467 dcafforestentur.
1542 1428 1594 1467 Et

125 1491 158 1532 si
188 1493 367 1534 boscum
399 1509 522 1534 suum
553 1492 779 1550 proprium
809 1492 1144 1543 ass‘orestaverit,
1171 1502 1391 1534 remaneat
1418 1494 1589 1544 foresta,

124 1560 235 1601 salva
255 1576 483 1602 communa
505 1561 557 1601 de
576 1561 786 1619 herbagio
811 1569 852 1601 et
873 1560 967 1602 aliis
985 1562 1028 1601 in
1045 1561 1192 1602 eadem
1215 1561 1388 1611 foresta,
1414 1561 1499 1602 illis
1518 1561 1592 1618 qui

122 1644 215 1669 eam
242 1627 363 1685 prius
386 1629 546 1669 habere
572 1636 906 1669 consueverunt.

180 1740 221 1780 2.
259 1740 494 1781 Hominesss
520 1740 593 1796 qui
624 1748 799 1781 manent
825 1748 943 1782 extra
973 1740 1174 1781 forestam
1208 1757 1293 1782 non
1321 1741 1496 1782 veniant
1520 1740 1590 1782 de-

122 1816 266 1849 cetero
295 1823 437 1849 coram
467 1808 721 1864 justiciariis
754 1809 913 1849 nostris
946 1808 998 1849 (le
1036 1808 1195 1850 foresta
1226 1825 1304 1865 per
1338 1825 1589 1850 communes

123 1875 511 1927 summoniciones‚
543 1876 626 1916 nisi
654 1876 740 1917 sint
768 1876 810 1917 in
839 1875 1022 1933 placito,
1054 1876 1118 1917 vel
1155 1877 1286 1934 plegii
1315 1876 1496 1934 alicujus
1525 1877 1588 1918 vel

121 1943 363 2001 aliquorum
384 1943 456 2001 qui
483 1943 705 1985 attachiati
728 1953 828 1986 sunt
851 1953 1033 2002 propter
1058 1945 1278 1986 forestam.

177 2055 217 2096 3.
257 2057 418 2098 Omnes
444 2065 586 2098 autem
608 2056 730 2098 bosci
754 2056 827 2114 qui
857 2056 1058 2098 l'uerunt4
1079 2056 1317 2098 ass'orestati
1343 2073 1421 2115 per
1442 2073 1587 2116 regem

121 2124 355 2166 Ricardum
396 2124 651 2166 avunculum
689 2133 902 2176 nostrum,
945 2125 1009 2166 vel
1050 2141 1128 2182 per
1164 2141 1310 2183 regem
1347 2126 1586 2167 Johannem

120 2200 285 2248 patrem
337 2201 535 2234 nostrum
586 2209 723 2249 usque
774 2193 827 2234 ad
874 2192 1056 2250 primam
1104 2194 1437 2234 coronacionem
1486 2210 1586 2234 nos-

119 2267 244 2311 tram,
269 2261 412 2302 statim
435 2260 816 2312 deafforestentur,
851 2260 934 2301 nisi
964 2260 1122 2302 fuerit&
1151 2260 1396 2302 dominicus
1428 2261 1586 2302 boscus

121 2335 282 2368 noster.

162 2482 188 2511 1.
215 2481 292 2511 1225
311 2482 421 2522 ajoute
442 2487 649 2523 :presentem
667 2488 795 2514 cartam
813 2484 1020 2524 inspecturis.

158 2523 189 2551 2.
214 2523 303 2553 Dans
327 2525 404 2553 1225
425 2535 430 2553 :
450 2527 641 2564 Spontanea
662 2529 693 2555 et
714 2525 799 2554 bona
820 2528 988 2555 voluntate
1008 2529 1123 2555 nostra
1144 2525 1297 2555 dedimus
1317 2529 1347 2555 et
1365 2525 1584 2555 concessimus

119 2563 384 2605 archiepiscopis,
405 2566 576 2606 episcopis,
594 2567 778 2603 comitibus,
797 2566 978 2596 baronibus
996 2571 1026 2597 et
1044 2567 1195 2597 omnibus
1213 2568 1253 2597 de
1271 2577 1371 2608 regno
1391 2570 1504 2596 nostro
1522 2565 1584 2596 lzas

118 2603 287 2650 libertates
305 2606 507 2647 subscriptas
529 2608 691 2638 tenendas
714 2608 747 2638 in
768 2618 869 2649 regno
893 2612 1004 2638 nostro
1027 2608 1147 2649 Anglie
1174 2609 1207 2638 in
1226 2611 1433 2649 perpetuum.
1455 2610 1491 2638 In
1507 2607 1582 2648 pri-

119 2656 228 2682 nns...‚
249 2651 312 2677 etc.

158 2688 186 2717 3.
213 2688 290 2717 1225
312 2688 423 2728 ajoute
443 2700 449 2720 ;
471 2701 555 2720 vero.

156 2730 186 2758 4.
212 2729 302 2759 Dans
322 2731 399 2761 1225
418 2741 424 2760 2
442 2731 578 2771 fuerint.

158 2771 186 2799 5.
212 2770 301 2800 Dans
324 2772 401 2801 1215
420 2782 426 2801 ;
445 2772 499 2803 sit.

186 2829 215 2855 C.
232 2830 356 2857 Bz'uoxr.
370 2845 403 2852 —
418 2832 524 2858 Chanes
538 2832 580 2858 des
593 2831 692 2858 liberte's
707 2833 842 2866 angluises.
1496 2832 1512 2856 5
