1955 3308
343 206 379 235 72
679 200 875 232 CHARTES
899 200 978 230 DES
1002 190 1212 230 LIBERTES
1235 198 1472 230 ANGLAISES

343 280 535 329 Henrici,
570 279 651 320 Dei
686 277 833 336 gracia
866 275 997 333 Regis
1032 275 1190 334 Anglie
1225 273 1430 324 illustris,
1461 282 1503 315 et
1533 273 1807 315 dominorum

344 347 518 390 Ricardi
548 345 721 388 comitis
753 344 992 393 Cornubie,
1025 342 1169 384 fratris
1197 344 1284 394 sui,
1316 342 1476 400 Rogeri
1501 342 1671 383 comitis
1698 344 1808 384 Nor—

342 419 502 460 folchie
534 425 577 458 et
610 415 872 465 Suffolchie,
910 413 1150 454 marescalli
1183 413 1363 472 Anglie,
1399 412 1602 455 Hunfridi
1638 411 1807 454 comitis

343 485 619 535 Herefordie,
669 481 864 540 Hugonis
919 481 1091 522 comitis
1140 482 1329 532 Oxonie,
1378 481 1587 523 Johannis
1639 480 1808 521 comitis

341 554 548 610 XVarwyk
579 560 622 594 et
658 551 841 592 aliorum
869 548 1127 606 optimatum
1157 549 1282 607 regni
1314 549 1494 608 Anglie,
1525 565 1604 590 nos
1639 547 1808 590 Bonisa-

302 660 305 663 .
343 622 434 664 cius
455 620 601 662 divina
620 617 905 660 miseracione
927 616 1254 658 Cantuariensis
1277 618 1650 675 archiepiscopus,
1668 615 1808 657 tocius

341 689 499 747 Anglie
555 688 739 745 primas,
795 685 931 727 Fulco
986 684 1329 736 Londoniensis,
1396 687 1520 743 Hugo
1585 684 1806 741 Elyensis,

341 757 560 799 Robertus
598 752 942 804 Lincolniensis,
981 752 1202 797 Walterus
1244 752 1602 811 VVygorniensis,
1644 752 1809 796 Walte-

343 841 413 866 rus
443 821 761 870 Norwicensis,
790 822 944 862 Petrus
970 820 1339 871 Herefordiensis,
1367 820 1614 864 WVillelmus
1645 819 1810 862 Sarris-

342 891 579 941 heriensis,
623 889 843 933 &Valterus
891 888 1221 938 Dunolmensis,
1267 888 1478 930 Ricardus
1524 887 1807 937 Exoniensis,

343 959 552 1002 Silvester
580 955 889 1006 Karliolensis,
914 955 1161 1000 Willelmus
1188 955 1522 1005 Batlionicnsis,
1551 954 1810 997 Laurentius

343 1026 582 1077 RoffensiS,
634 1027 822 1067 Thomas
884 1023 1158 1065 Menevensis
1217 1023 1432 1081 episcopi,
1486 1022 1810 1081 pontificalibus

342 1091 505 1142 induti,
556 1089 748 1131 candelis
799 1088 1016 1139 accensis,
1064 1089 1109 1129 in
1159 1097 1506 1147 transgressores
1559 1088 1812 1129 libertatum

342 1158 736 1202 ecclesiasticarum
758 1166 800 1199 et
822 1157 1072 1198 libertatum
1093 1173 1166 1197 seu
1189 1156 1424 1198 liberarum
1446 1156 1812 1198 consuetudinum

343 1229 466 1287 regni
499 1227 678 1286 Anglie,
712 1234 754 1267 et
786 1225 995 1282 precipue
1027 1240 1173 1265 earum
1201 1241 1284 1281 que
1313 1224 1595 1266 continentur
1623 1225 1666 1266 in
1696 1232 1812 1265 carta

342 1294 635 1337 communium
666 1294 915 1334 libertatum
953 1292 1077 1350 regni
1115 1301 1156 1333 et
1189 1301 1304 1334 carta
1340 1292 1393 1333 de
1424 1293 1606 1343 foresta,
1641 1308 1812 1334 excom-

343 1361 658 1404 municacionis
713 1359 980 1401 sentenciam
1038 1359 1324 1417 solempniter
1370 1360 1548 1402 tulimus
1603 1361 1683 1401 sub
1734 1361 1812 1401 hac

342 1431 478 1472 forma
500 1447 506 1470 :

400 1497 671 1540 Auctoritate
700 1496 780 1538 Dei
808 1495 1124 1552 omnipotentis
1156 1495 1315 1552 patriS,
1347 1504 1389 1537 et
1420 1496 1519 1547 filii,
1551 1505 1592 1537 et
1623 1495 1813 1553 Spiritus

344 1565 498 1616 sancti,
524 1574 566 1607 et
593 1564 784 1624 gloriose
809 1563 889 1605 Dei
915 1563 1142 1621 genitricis
1168 1580 1426 1620 semperque
1449 1564 1632 1622 virginis
1654 1564 1812 1614 Marie,

345 1636 573 1676 beatorum
609 1632 906 1690 apostolorum
939 1632 1057 1673 Petri
1086 1640 1127 1672 et
1157 1631 1301 1682 Pauli,
1332 1631 1612 1688 omniumque
1646 1639 1815 1688 aposto-

343 1703 507 1753 lorum,
536 1701 650 1742 beati
682 1701 848 1742 'l‘home
876 1699 1197 1757 archiepiscopi
1230 1707 1271 1739 et
1300 1699 1509 1748 martiris,
1534 1699 1814 1756 omniumque

345 1770 586 1820 martirum,
612 1768 727 1810 beati
750 1767 954 1810 Edwardi
983 1767 1115 1825 Regis
1138 1767 1311 1824 Anglic,
1339 1767 1620 1824 omniumque
1646 1767 1815 1808 confes-

346 1855 491 1880 sorum
517 1846 560 1878 et
586 1836 825 1895 virginum,
851 1835 1132 1892 omniumque
1163 1844 1411 1876 sanctoruni
1437 1835 1538 1886 Dei,
1566 1851 1815 1876 excommu-

348 1906 541 1948 nicamus
583 1914 624 1946 et
663 1905 1043 1946 anatematizamus
1083 1913 1124 1945 et
1160 1920 1181 1944 a
1221 1903 1446 1944 liminibus
1484 1912 1629 1944 sancte
1668 1904 1816 1944 matris

348 1974 543 2016 Ecclesie
578 1981 901 2030 sequestramus
939 1988 1088 2013 omnes
1122 1972 1219 2013 illos
1256 1970 1328 2029 qui
1365 1972 1518 2012 amodo
1554 1971 1742 2012 scienter
1775 1979 1818 2012 et

347 2041 569 2083 maliciose
608 2040 814 2082 ecclesias
848 2040 1112 2097 privaverint
1150 2040 1216 2080 vel
1260 2039 1541 2096 spoliaverint
1581 2055 1658 2080 suo
1696 2040 1814 2094 jure3

347 2111 451 2152 item
483 2125 634 2151 omnes
668 2109 767 2149 illos
796 2109 870 2166 qui
907 2107 1226 2149 ecclesiasticas
1261 2107 1486 2148 libertates
1521 2107 1587 2148 vel
1616 2107 1816 2164 antiquas

348 2177 471 2236 regni
510 2175 851 2218 consuetudines
885 2176 1170 2232 approbataS,
1203 2184 1244 2216 et
1277 2175 1484 2232 precipue
1518 2175 1742 2215 libertates
1776 2182 1818 2214 et

347 2244 507 2285 liberas
530 2243 870 2285 consuetudines
899 2259 983 2301 que
1014 2243 1056 2283 in
1089 2243 1218 2284 cartis
1249 2242 1540 2284 communium
1567 2242 1818 2283 libertatum

349 2321 391 2354 et
418 2312 471 2353 de
502 2313 660 2353 foresta
692 2312 990 2361 continentur,
1020 2311 1241 2352 concessis
1270 2327 1291 2351 a
1320 2311 1495 2352 domiuo
1526 2312 1643 2367 Rege
1675 2308 1818 2350 archi—

349 2380 593 2437 episcopis,
627 2380 846 2437 episcopis
877 2389 918 2420 et
949 2379 1105 2421 ceteris
1138 2378 1295 2438 Anglie
1325 2378 1527 2435 prelatis,
1559 2378 1815 2427 comitibus,

350 2448 608 2499 baronibus,
643 2447 853 2488 militibus
884 2456 926 2489 et
956 2448 1093 2488 libere
1123 2447 1398 2497 tenentibus,
1430 2461 1701 2503 quacumque
1727 2454 1816 2486 arte

348 2517 414 2557 vel
438 2516 614 2573 ingenio
640 2516 911 2567 violaverint,
942 2516 1225 2573 infregerint,
1254 2514 1541 2556 diminuerint
1561 2531 1636 2555 scu
1660 2514 1817 2555 immu-

351 2584 558 2635 taverint,
583 2584 691 2624 clam
719 2584 782 2624 vc]
810 2584 949 2641 palam
967 2618 975 2634 ,
1004 2584 1140 2634 facto,
1166 2584 1299 2624 verbo
1332 2583 1398 2624 vel
1427 2582 1634 2637 consilio,
1667 2589 1816 2623 contra

352 2652 446 2693 illas
489 2652 553 2693 vel
600 2668 745 2692 earum
792 2652 978 2709 aliquam
1029 2652 1071 2692 in
1115 2667 1388 2708 quocumque
1434 2651 1616 2691 articulo
1656 2659 1818 2691 temere

351 2720 589 2770 veniendo,
622 2720 723 2761 item
757 2736 906 2761 omnes
938 2720 1034 2761 illos
1065 2721 1138 2777 qui
1169 2728 1318 2761 contra
1349 2718 1444 2760 illas
1477 2719 1540 2759 vcl
1570 2734 1715 2759 carum
1739 2717 1817 2758 ali-
