1955 3308
329 196 384 226 IV.
409 213 449 218 —-
473 186 682 226 PETITION
707 196 787 226 DES
811 196 981 226 BARONS
1006 196 1030 225 A
1052 195 1156 225 JEAN
1182 195 1288 225 SANS
1314 196 1454 225 TERRE
1597 195 1633 225 21

149 274 355 322 habeant,
375 272 543 313 seilicet
567 272 878 329 Engelardum,
901 271 1136 320 Andream,
1158 272 1351 320 Petrum,
1374 280 1416 311 et
1436 273 1633 327 Gyonem

149 339 202 380 de
230 340 470 389 Cancellis,
495 342 694 396 Gyonem
719 339 772 379 de
803 340 1000 395 Cygony,
1026 339 1248 379 Matheum
1275 337 1328 378 de
1357 339 1567 394 Martiny,
1593 346 1635 379 et

149 406 301 448 fratres
320 409 436 464 ejus;
456 415 499 448 et
515 406 759 448 Galfridum
786 414 991 462 nepotem
1017 407 1109 460 ejus
1132 413 1173 445 et
1193 405 1448 461 Philippum
1464 405 1588 446 Mark
1604 405 1629 446 ¹.

204 500 276 542 41.
315 502 367 541 Et
394 507 440 540 ut
464 515 537 540 rex
561 507 756 539 amoveat
781 498 1066 555 alienigenas,
1094 498 1270 547 milites,
1300 497 1630 555 stipendiarios,

147 567 418 620 balistarios,
443 575 484 607 et
507 565 714 607 ruttarios
729 600 737 616 ,
760 574 801 607 et
824 567 1062 606 servientes
1089 566 1163 622 qui
1184 565 1366 606 veniunt
1386 581 1483 606 eum
1507 565 1631 622 equis

148 644 189 677 et
211 635 341 676 armis
363 634 417 675 ad
444 642 753 675 nocumentum
782 634 923 691 regni.

205 728 277 772 42.
314 730 369 770 Ut
390 744 463 768 rex
482 728 912 783 saeiatjusticiarios,
938 726 1306 777 constabularios,
1334 725 1630 767 vicecomites,

146 805 188 838 et
218 796 419 847 ballivos,
454 796 508 837 de
535 795 696 836 talibus
726 796 800 852 qui
834 794 974 836 sciant
1006 794 1147 852 legem
1172 802 1296 850 „terre
1326 801 1369 834 et
1396 808 1489 833 eam
1521 793 1633 833 bene

145 863 282 906 velint
307 864 556 905 observare.

202 958 275 1003 43.
312 961 368 1001 Ut
400 959 587 999 barones
620 959 692 1014 qui
730 957 1019 998 fundaverunt
1056 955 1276 1005 abbatias,
1315 954 1430 995 unde
1469 954 1634 995 habent

147 1035 286 1068 cartas
330 1042 481 1084 regum
524 1026 591 1066 vel
628 1026 851 1082 antiquam
894 1033 1116 1073 tenuram,
1160 1023 1352 1063 habeant
1389 1021 1632 1063 custodiam

148 1110 294 1135 earum
320 1110 417 1135 cum
445 1094 708 1134 vacaverint.

206 1187 276 1228 44.
316 1187 358 1229 Si
389 1204 463 1228 rex
490 1187 718 1231 &Valenses
745 1185 1005 1227 dissaisierit
1028 1185 1093 1225 vel
1123 1184 1395 1242 elongaverit
1423 1183 1476 1223 de
1502 1182 1632 1223 terris

148 1256 214 1296 vel
242 1255 537 1301 libertatibus,
568 1255 634 1295 vel
663 1254 715 1295 de
744 1255 874 1295 rebus
904 1254 998 1294 aliis
1028 1254 1070 1293 in
1098 1251 1256 1309 Anglia
1284 1251 1349 1291 vel
1377 1251 1420 1291 in
1447 1250 1629 1302 Wallia,

149 1324 211 1364 eis
237 1324 382 1364 statim
408 1323 500 1363 sine
530 1322 690 1379 placito
717 1322 981 1369 rcddantur3
1013 1328 1053 1360 et
1077 1321 1111 1360 si
1141 1318 1304 1360 suerint
1331 1317 1541 1359 dissaisiti
1565 1317 1631 1358 vel

148 1390 340 1448 elongati
367 1390 420 1431 de
455 1388 719 1431 tenementis
754 1389 841 1429 suis
870 1388 1027 1445 Anglie
1056 1404 1134 1444 per
1163 1395 1329 1444 patrem
1359 1385 1425 1426 vel
1455 1386 1631 1426 fratrem

148 1458 262 1515 regis
302 1458 395 1498 sine
430 1457 590 1513 juditio
630 1456 798 1514 parium
833 1472 1031 1504 suorum,
1071 1471 1146 1495 rex
1182 1455 1243 1494 eis
1284 1452 1377 1494 sine
1418 1451 1631 1493 dilatione

141 1524 361 1580 justiciam
388 1524 629 1573 exhibebit,
655 1540 704 1565 eo
731 1524 859 1564 modo
882 1539 967 1580 quo
994 1522 1170 1563 exhibet
1193 1520 1389 1578 Anglicis
1408 1520 1630 1576 justiciam

146 1591 199 1632 de
231 1593 492 1632 tenementis
529 1592 617 1632 suis
646 1590 805 1648 Anglie
840 1590 1081 1631 secundum
1116 1589 1260 1646 legem
1292 1587 1475 1644 Anglie,
1507 1595 1548 1627 et
1577 1587 1630 1627 de

146 1660 407 1700 tenementis
424 1659 580 1703 &Vallie
602 1659 841 1699 seeundum
865 1658 1006 1716 legem
1030 1656 1206 1706 Wallie‚
1227 1665 1268 1696 et
1290 1655 1342 1696 de
1365 1655 1630 1695 tenementis

146 1727 339 1768 Marchie
371 1726 610 1767 seeundum
642 1727 782 1783 legem
811 1726 1032 1775 Marchie3
1062 1725 1176 1765 idem
1211 1724 1370 1764 sacient
1398 1722 1629 1766 walenses

147 1793 238 1851 regi
267 1801 309 1834 et
338 1793 445 1837 suis,

204 1887 275 1928 45.
311 1889 367 1928 L't
389 1903 462 1928 rex
490 1887 646 1927 reddat
672 1886 808 1927 filium
832 1885 1037 1928 Lewelini
1063 1893 1106 1926 et

146 1963 344 2011 preterea
375 1970 524 1995 omnes
556 1954 733 1995 obsides
763 1954 815 1994 de
846 1954 1028 2003 Wallia,
1063 1962 1103 1994 et

145 2030 284 2062 cartas
316 2038 399 2078 que
427 2023 466 2062 ei
496 2022 678 2062 liberate
706 2021 879 2062 suerunt
906 2022 948 2061 in
979 2037 1102 2061 secu-

145 2089 315 2130 ritatem
340 2089 458 2145 pacis
468 2122 1093 2132 ......................

1190 1940 1275 1980 nisi
1343 1939 1469 1979 aliter
1533 1954 1628 1979 esse

1190 2007 1349 2048 debeat
1383 2022 1461 2063 per
1489 2014 1628 2046 cartas

1190 2090 1296 2130 quas
1350 2089 1424 2114 rex
1471 2073 1604 2114 habet
1616 2106 1625 2123 ,

203 2181 220 2206 s
566 2183 571 2189 .
731 2183 738 2189 .
1189 2157 1267 2197 per
1302 2139 1530 2196 juclitium'
1560 2156 1628 2180 ar-

200 2181 270 2222 46.
308 2184 364 2224 Ut
392 2198 465 2223 rex
494 2182 624 2223 faeiat
649 2198 741 2240 regi
772 2185 1021 2224 Scottorum
1048 2183 1101 2222 de

143 2248 372 2290 obsidibus
398 2249 657 2300 reddendis,
686 2258 728 2291 et
753 2250 806 2291 de
828 2251 1106 2291 libertatibus

144 2316 249 2367 suis,
289 2324 331 2357 et
367 2318 465 2372 jure
510 2333 609 2368 suo,
647 2318 887 2358 seeundum
922 2318 1099 2358 sormam

144 2399 271 2440 quam
298 2384 399 2424 facit
427 2384 668 2425 baronibus
696 2385 856 2443 Auglie
876 2420 1091 2429 ........

1189 2207 1626 2264 ehiepiseopietalio-

1189 2291 1281 2315 rum
1323 2290 1431 2331 quos
1479 2290 1626 2316 seeum

1188 2357 1341 2383 vocare
1362 2341 1563 2383 voluerit.

168 2564 211 2613 ν1.
230 2564 303 2610 ,δην
325 2565 373 2595 les
397 2565 574 2595 differents
599 2577 835 2607 personnages
857 2567 940 2597 cite's
966 2568 1052 2598 dans
1071 2573 1124 2598 cet
1147 2569 1285 2604 article,
1308 2580 1412 2609 voyez
1432 2570 1482 2598 les
1501 2569 1626 2598 details

142 2615 257 2653 reums
283 2616 346 2645 par
365 2607 406 2636 R.
434 2607 608 2637 Thomson
632 2608 718 2637 dans
742 2619 801 2638 son
825 2609 1007 2639 Historia-al
1030 2621 1128 2649 essay
1152 2621 1193 2639 on
1214 2610 1267 2640 tlze
1293 2613 1420 2650 Magna
1439 2609 1566 2641 Charta
1592 2611 1630 2650 of

141 2647 230 2691 '‘fng
244 2646 340 2693 J⁰f²⁷f¹
363 2658 402 2694 p..
423 2649 583 2683 2s13-245;
612 2649 698 2678 mais
720 2649 762 2678 ils
787 2660 827 2679 ne
853 2651 1011 2680 susfisent
1031 2662 1094 2691 pas
1120 2662 1206 2691 pour
1230 2652 1405 2691 esquisser
1426 2653 1534 2680 meme
1551 2651 1627 2680 leur

141 2686 357 2726 biographie,
370 2699 404 2718 nl
423 2693 558 2719 surtout
578 2701 664 2730 pour
679 2690 838 2730 indiquer
854 2691 929 2720 leur
946 2692 1089 2731 origine.
1104 2692 1155 2722 On
1170 2697 1253 2732 peut
1271 2692 1485 2732 eonjecturer
1505 2702 1626 2731 cepen-

141 2727 234 2764 dant,
255 2729 281 2757 si
300 2729 366 2758 l'on
387 2731 579 2770 rapproche
598 2732 742 2761 l'article
763 2733 802 2761 40
825 2732 869 2762 du
890 2732 1043 2770 suivant,
1064 2734 1165 2773 qu'ils
1187 2734 1346 2763 venaient
1364 2733 1410 2763 du
1428 2733 1513 2763 nord
1534 2733 1573 2763 de
1591 2733 1625 2763 la
