1955 3308
311 204 371 237 128

312 286 507 316 Scottorum
541 295 608 316 rex.
638 287 721 327 Voy.
757 286 947 318 Alexandro
983 288 1016 319 le

353 335 448 366 Lion.

311 385 490 426 Scrivelby
542 386 765 427 (Scrivelsby,
819 390 928 418 comt&
974 388 1014 417 de

350 436 514 475 Lincoln).
539 437 673 467 Manoir
688 437 741 467 de.
762 438 801 467 48
817 437 934 478 (note).

310 485 524 526 Scutagium.
553 486 590 516 19
618 485 695 527 (32),
724 488 763 517 29
791 486 855 527 (12,
884 487 944 527 14),
976 489 1013 517 57

351 534 428 576 (27),
450 537 489 565 58
510 536 624 575 (note).

311 584 434 615 Selden
451 585 581 626 (John).
602 595 649 616 LI.

311 634 445 674 Selehy,
479 635 583 675 Selby
614 635 713 676 (dans
748 637 779 666 Ie
808 637 858 667 W.
889 637 1015 678 Riding

351 685 500 726 d'York).
518 685 613 715 Ahb&
631 685 683 715 de.
702 686 784 726 Voy.
804 687 954 717 Riehard
974 687 1014 717 de

352 734 521 775 Kellesay.

311 784 477 814 ΞόηόοὴοΙ
513 785 757 826 d'Angleterre.
791 786 873 826 Voy.
903 786 1016 827 Roger

352 834 473 875 Big0t;
498 835 538 865 de
562 835 595 865 la
618 836 751 865 maison
777 835 823 866 du
846 836 908 866 roi.
930 837 1012 876 Voy.

352 884 494 916 Gautier
510 886 550 915 de
564 886 796 927 Beauchamp.

310 935 434 965 Senlis.
456 936 539 975 Yoy.
562 936 688 966 Simon.

310 985 509 1025 Sergantise
522 996 640 1025 parve.
660 986 699 1015 19
716 986 793 1026 (27).

310 1034 519 1075 Serjanteria
539 1046 658 1075 parva.
678 1037 716 1066 33
733 1036 811 1078 (37).

310 1086 466 1115 Sex-ment
482 1085 523 1115 de
542 1090 820 1116 couronnement.
843 1095 889 1120 lx,
909 1096 970 1117 ΧΠ,

311 1135 496 1165 Servitium
520 1136 651 1166 militis.
675 1136 811 1166 Sel-vice
837 1137 1010 1167 militaire.

350 1186 388 1215 16
409 1185 541 1226 (17),18
562 1186 638 1227 (19),
665 1187 704 1216 19
723 1187 799 1227 (27),
822 1188 860 1216 20
879 1186 955 1228 (36),
974 1188 1011 1218 27

299 1251 302 1254 -
350 1236 406 1275 (2),
425 1237 464 1265 29
484 1235 560 1277 (16),
584 1237 619 1266 31
637 1237 711 1275 (29),
732 1238 770 1266 32
784 1236 862 1278 (37),
880 1239 918 1267 35
936 1238 1010 1278 (53),

349 1287 387 1316 47
414 1287 470 1327 (2),
495 1287 531 1315 51
551 1286 627 1327 (10),
651 1288 688 1316 53
714 1286 791 1327 (20),
814 1288 851 1316 54
878 1286 955 1328 (27),
976 1289 1012 1320 77

349 1336 406 1377 (1).

310 1386 519 1416 Shireburnc
539 1387 766 1427 (Sherborne,
785 1387 864 1427 pr'es
885 1388 925 1417 de
945 1388 1012 1418 Ba-

351 1436 539 1477 singstoke,
555 1438 665 1467 comte}
676 1437 716 1466 de
735 1437 1010 1478 Southampton).

350 1487 379 1516 7.

309 1536 439 1573 Simon,
462 1537 550 1567 abbe
571 1537 612 1567 de
630 1537 794 1577 Reading.
817 1538 865 1574 59,
885 1538 935 1567 62.

1028 1687 1065 1731 Τ

308 1828 515 1869 Tallagium,
535 1828 755 1869 Taillagium.
773 1829 812 1858 19
826 1828 903 1870 (32),
918 1830 955 1859 77
967 1829 1010 1870 (1,

348 1880 390 1920 2),
406 1880 444 1908 88
461 1879 518 1920 (1).

308 1929 460 1960 Tamisia
478 1929 654 1969 (Tamise).
676 1931 713 1959 28
731 1929 807 1970 (23),
828 1929 865 1958 32
881 1929 957 1969 (33).

308 1979 441 2020 Templi
458 1979 584 2009 milicia
604 1979 636 2008 in
656 1979 790 2019 Anglia.
811 1978 1010 2019 Templarii.

351 2030 399 2065 26,
415 2032 454 2059 69
470 2029 545 2070 (17).

309 2079 440 2110 Tenens.
466 2079 506 2109 de
527 2089 616 2120 rege.
650 2080 684 2109 17
709 2080 785 2121 (15),
811 2079 848 2109 18
873 2079 951 2121 (17),
974 2080 1011 2109 27

349 2129 405 2170 (2),
425 2131 463 2159 29
484 2129 561 2169 (Μ).

309 2180 514 2211 Tcstamenl.
544 2179 639 2209 Droit
668 2179 708 2209 de
741 2178 900 2220 disposer
934 2189 1010 2219 par.

348 2232 366 2260 5
384 2229 440 2271 (7),
455 2231 485 2265 9,
505 2230 539 2259 31
558 2228 633 2270 (26).

308 2279 511 2319 Theotinga.
537 2279 716 2319 Tethingn.
736 2280 772 2309 57
793 2278 843 2320 (35
861 2283 893 2309 et
908 2278 1010 2319 note).

308 2329 458 2359 Thomas
474 2330 606 2359 nasset.
629 2329 678 2364 26,
701 2330 749 2359 ⁷10.

347 2396 386 2401 ——
430 2379 586 2414 Buttono,
608 2381 659 2408 ἐν.
687 2379 853 2409 d'Exeter.
880 2378 930 2414 91,
960 2379 1008 2408 92.

347 2446 387 2452 —-
430 2434 538 2459 comte
556 2429 596 2459 de
614 2429 809 2459 Lancastre.
829 2429 878 2466 91,
898 2430 947 2458 93.
1005 2443 1013 2447 ·

1027 2576 1066 2624 U

308 2716 437 2750 Ultima
457 2719 720 2759 presentatione.
747 2717 866 2749 Assisa
891 2719 941 2749 de.
976 2719 1011 2748 16
1043 2727 1048 2803 Ι

348 2769 404 2811 (ὃ),
427 2772 465 2799 30
487 2770 712 2810 (18),51(13·,.

649 208 846 240 CHARTES
869 202 949 241 DES
974 194 1187 242 ιΙΒΕΗΤΕε
1210 212 1448 244 ANGLAISES

1083 288 1200 319 Simon
1218 289 1258 320 de
1273 290 1506 332 Beauchamp,
1531 292 1580 321 12.

1123 356 1158 361 —
1203 339 1243 370 de
1262 340 1370 377 Gand,
1387 343 1438 371 ἐν.
1458 341 1499 371 de
1521 341 1712 383 Salisbury.
1732 344 1783 381 91,

1122 389 1172 418 92.

1121 455 1162 460 ——
1204 438 1244 468 de
1264 439 1439 470 Montfort.
1459 442 1509 471 85.

1205 488 1245 519 de
1259 489 1402 527 Pouille,
1420 492 1471 521 ἐν.
1487 491 1654 522 d'Exeter.
1668 493 1718 530 46,
1734 493 1785 523 60.

1121 556 1161 560 —
1204 538 1245 568 de
1272 539 1415 570 Saintliz
1435 540 1586 582 (Senlis),
1613 545 1722 572 comte
1745 542 1786 572 de

1122 588 1386 629 Northampton.
1407 592 1436 627 6,
1460 591 1490 621 7.

1120 655 1161 660 -—
1203 640 1255 668 ἐν.
1285 639 1327 669 de
1343 639 1545 671 worcester.
1573 642 1620 671 11.

1083 687 1280 718 Sirehurnie
1307 689 1427 719 abhas.
1451 691 1532 731 Voy.
1562 691 1783 723 Shireburne.

1082 738 1278 778 Socagium.
1297 739 1498 780 Sokagium.
1519 741 1556 771 19
1568 741 1643 783 (27),
1658 742 1695 772 32
1707 741 1784 784 (37),

1122 789 1160 817 54
1175 789 1251 829 (27).

1083 838 1279 868 Somonses.
1295 840 1354 869 106
1368 839 1444 880 (15).

1083 888 1256 918 Statutum
1274 888 1314 918 de
1329 889 1456 920 finibus
1470 889 1605 920 levatis.
1624 899 1701 921 xm:

1121 956 1161 960 —
1203 937 1244 967 de
1277 938 1420 980 tallagio
1454 949 1522 969 non
1557 939 1783 972 concedendo.

1122 996 1219 1025 XLIII,
1238 998 1269 1025 L,
1289 997 1351 1019 Lu.

1082 1038 1288 1078 Stephanus.
1306 1039 1387 1078 Voy.
1411 1030 1564 1070 Etienne.

1081 1088 1316 1128 Stipendiarii.
1335 1090 1373 1118 35
1388 1089 1462 1131 (51).

1081 1138 1237 1179 Stirling.
1258 1147 1341 1169 XLII.

1081 1188 1331 1218 Suanimotum.
1366 1189 1624 1220 Swanimotum.
1660 1192 1698 1221 67
1727 1189 1783 1232 (8).

1081 1240 1218 1274 Sussex,
1254 1243 1362 1270 comte
1395 1239 1444 1270 de.
1474 1240 1556 1281 Voy.
1589 1240 1784 1272 Guillaume

1120 1288 1325 1329 d'Aubigny.

1081 1338 1360 1369 Suthcschetour.
1380 1340 1437 1369 107
1459 1339 1535 1381 (18).

1081 1388 1254 1428 Sylvestrc
1272 1389 1487 1425 d‘Evesham,
1505 1391 1556 1420 dv.
1576 1389 1616 1420 de
1634 1390 1785 1421 Worces-

1119 1441 1181 1468 ter.
1203 1439 1252 1475 46,
1272 1440 1321 1468 60.

1119 1505 1159 1510 ———
1202 1491 1253 1518 ἐν.
1274 1489 1313 1518 de
1328 1488 1483 1519 Carlisle.
1500 1490 1550 1526 72,
1568 1491 1619 1520 75.

1081 1829 1229 1859 Thomas
1248 1830 1288 1859 de
1304 1829 1458 1870 Berkley.
1479 1830 1528 1866 81,
1547 1831 1596 1860 86.

1122 1897 1157 1902 ——
1201 1880 1242 1910 de
1268 1880 1494 1920 Chanteloup,
1528 1883 1579 1910 (ev.
1607 1879 1649 1911 de
1677 1880 1782 1910 Here-

1122 1929 1207 1959 [οι-ἀ.
1226 1930 1276 1959 61.

1119 1997 1159 2001 »-
1201 1979 1241 2008 dc
1260 1978 1388 2015 Galles,
1413 1980 1463 2008 όν.
1488 1978 1528 2008 de
1547 1979 1780 2009 Saint-David.

1121 2030 1169 2065 72,
1195 2030 1242 2058 75.

1119 2097 1158 2101 —
1202 2079 1240 2108 de
1256 2078 1431 2108 Ful-nival.
1451 2079 1501 2114 91,
1523 2079 1573 2108 94.

1202 2129 1241 2158 dc
1258 2127 1398 2158 Multon.
1421 2130 1469 2165 59,
1491 2129 1541 2158 63.

1118 2196 1159 2201 -
1201 2178 1241 2208 de
1265 2178 1480 2215 Wouldham,
1500 2180 1548 2208 ἐν.
1570 2177 1610 2207 de
1630 2177 1781 2208 Roches-

1119 2233 1182 2260 ter.
1201 2229 1251 2264 91,
1273 2229 1322 2258 92.

1079 2279 1263 2314 Thurstan,
1283 2277 1376 2308 arch.
1398 2277 1531 2308 d'York.
1552 2277 1599 2307 11.

1079 2328 1300 2368 Trethingus.
1319 2329 1354 2358 31
1379 2328 1457 2368 (25).

1079 2379 1214 2409 Turnus
1231 2378 1452 2408 vicecomitis:
1468 2378 1504 2406 57
1524 2376 1600 2418 (35).

1079 2427 1225 2468 Tyrrell.
1241 2435 1309 2463 LVI,
1327 2428 1375 2464 24,
1393 2427 1442 2456 25.

1080 2718 1256 2758 Utlagare.
1274 2715 1471 2757 Utlagatus.
1491 2715 1529 2747 19
1547 2715 1624 2758 (29),
1643 2717 1681 2746 33
1700 2714 1779 2757 (39),

1121 2771 1158 2798 55
1177 2768 1255 2809 (29),
1273 2769 1312 2798 69
1327 2768 1404 2807 (15),
1425 2769 1494 2796 103.
