1955 3308
150 215 221 245 XII.
240 233 278 237 —-
298 207 501 245 PETITION
525 213 812 244 CONCERNANT
835 213 887 243 LA
911 213 1064 243 TAILLE
1088 212 1254 243 ROYALE
1279 211 1388 252 (OCT.
1407 211 1500 252 1297)
1543 212 1582 241 89

110 293 272 333 habere
314 299 656 340 consueverunt3
700 298 742 330 et
783 289 817 330 si
855 297 1004 330 contra
1042 289 1136 330 illas
1171 288 1239 329 vel
1277 303 1580 345 quemcunque

110 359 340 400 articulum
369 359 413 399 in
442 358 637 415 presenti
665 366 781 398 carta
813 365 1067 398 contentum
1095 365 1255 398 statuta
1282 356 1440 396 fuerint
1464 355 1579 396 edita

108 443 187 484 per
222 443 300 468 nos
338 425 404 467 vel
447 441 524 482 per
566 433 865 465 antecessores
906 432 1095 473 nostros,
1135 424 1201 465 vel
1239 423 1579 464 consuetudines

109 494 375 543 introducte,
400 493 598 534 volumus
621 500 663 533 et
684 492 965 533 concedimus
987 492 1105 548 quod
1125 490 1376 548 hujusmodi
1400 506 1579 531 consue-

107 564 281 605 tudines
307 572 349 604 et
373 572 532 604 statuta
557 578 687 603 vacua
714 571 757 603 et
781 563 900 603 nulla
926 563 1012 603 sint
1033 563 1076 603 in
1100 570 1377 619 perpetuum.

165 659 205 699 5.
242 657 505 701 Remisimus
537 658 671 699 eciam
700 657 927 698 Humfrido
953 657 1006 698 dc
1034 659 1168 699 Bown
1198 655 1346 697 comiti
1376 655 1579 696 Herefor-

108 725 177 767 die
205 735 247 767 et
277 727 474 775 Essexie,
507 725 830 766 constabulario
853 725 1034 783 Anglie,
1061 726 1236 782 Rogero
1266 725 1409 780 Bygot
1431 722 1578 764 comiti

107 794 357 843 Norffolcie,
386 794 639 834 marescallo
662 793 834 850 Anglie,
860 802 900 834 et
926 792 1020 833 aliis
1041 793 1292 841 comitibus,
1320 790 1575 840 baronibus,

107 861 341 911 militibus,
366 862 615 918 armigeris,
646 860 831 902 Johanni
861 860 914 901 de
942 859 1153 902 Ferrariis
1179 876 1227 900 ac
1252 859 1454 899 omnibus
1483 857 1578 899 aliis

107 928 160 969 de
191 945 338 970 eorum
372 930 601 978 societate,
630 928 991 969 confederacione
1021 936 1063 968 et
1088 927 1320 968 eoncordia
1351 925 1579 967 existenti-

106 997 208 1047 bus,
242 1012 412 1037 necnon
446 997 648 1037 omnibus
681 995 832 1054 viginti
873 996 1052 1036 libratas
1086 1004 1202 1036 terre
1243 995 1497 1035 tenentibus
1534 993 1578 1034 in

106 1079 242 1121 regno
280 1072 452 1114 nostro,
488 1064 575 1105 sive
613 1064 666 1104 de
701 1063 827 1104 nobis
864 1063 904 1104 in
940 1064 1104 1120 capite,
1138 1063 1226 1103 sive
1266 1063 1319 1104 de
1351 1062 1435 1103 alio
1469 1078 1578 1118 quo-

106 1147 278 1188 cunque
299 1131 372 1189 qui
396 1132 447 1172 ad
471 1131 840 1173 transfretandum
869 1131 1097 1172 nobiscum
1119 1132 1162 1171 in
1189 1130 1437 1172 Flandriam
1459 1138 1578 1171 certo

105 1199 176 1240 die
204 1208 354 1240 notato
386 1200 524 1241 vocati
556 1201 729 1240 suerunt
763 1208 803 1240 et
839 1215 924 1239 non
954 1208 1190 1249 venerunt,
1222 1214 1449 1239 rancorem
1475 1213 1578 1239 nos-

105 1275 219 1308 trum
257 1276 298 1307 et
332 1268 485 1308 malam
523 1267 785 1308 voluntatem
817 1283 944 1324 quam
977 1282 1029 1307 ex
1060 1267 1201 1307 causis
1234 1265 1445 1323 predictis
1476 1281 1575 1323 erga

107 1350 180 1375 eos
204 1335 462 1385 habuimus3
493 1344 535 1376 et
564 1334 698 1375 eciam
728 1335 1128 1393 transgressiones,
1157 1335 1192 1375 si
1219 1350 1325 1391 quas
1356 1333 1484 1375 nobis
1510 1333 1577 1374 vel

108 1403 270 1443 nostris
297 1402 480 1444 fecerint
504 1418 641 1459 usque
669 1402 721 1442 ad
747 1401 966 1458 presentis
997 1410 1113 1443 carte
1146 1401 1485 1443 conseccioncm.

163 1495 205 1537 6.
245 1498 297 1537 Et
340 1496 391 1537 ad
431 1498 634 1552 majorem
673 1497 802 1552 hujus
843 1495 904 1537 rei
948 1497 1248 1546 securitatem,
1291 1496 1487 1537 volumus
1536 1503 1579 1536 et

104 1564 385 1605 concedimus
421 1581 499 1621 pro
537 1565 664 1605 nobis
709 1573 750 1604 et
796 1564 1032 1605 heredibus
1074 1565 1236 1605 nostris
1275 1564 1391 1620 quod
1425 1579 1577 1604 omnes

104 1631 425 1689 archiepiscopi
473 1640 515 1672 et
557 1631 756 1688 episcopi
798 1631 955 1689 Anglie
1003 1633 1044 1672 in
1093 1640 1352 1689 perpetuum
1399 1631 1441 1671 in
1489 1630 1576 1672 suis

105 1699 430 1740 cathedralibus
476 1699 696 1748 ecclesiis,
746 1699 894 1740 habita
943 1700 1138 1756 presenti
1189 1708 1303 1741 carta
1353 1709 1396 1740 et
1440 1699 1574 1749 lecta,

106 1768 487 1808 excommunicent
514 1767 710 1825 publice,
739 1777 782 1808 et
807 1768 850 1809 in
880 1768 1065 1826 singulis
1091 1768 1418 1825 parochialibus
1441 1768 1576 1809 eccle-

103 1835 178 1875 siis
212 1850 384 1875 suarum
416 1835 637 1876 (lioccsum
668 1837 1045 1877 excommunicare
1074 1852 1149 1877 seu
1177 1835 1574 1877 excommunicatos

102 1902 368 1943 denunciare
396 1902 552 1943 faciant
584 1904 650 1944 bis
685 1904 727 1944 in
760 1920 871 1945 anno
903 1920 1054 1945 omnes
1086 1905 1160 1961 qui
1195 1913 1346 1945 contra
1378 1912 1575 1945 tenorem

103 1972 320 2027 presentis
366 1979 482 2012 carte
531 1972 614 2012 vim
663 1981 705 2012 et
749 1971 951 2013 affectum
996 1973 1039 2013 in
1086 1988 1349 2029 quocunque
1391 1971 1576 2013 articulo

105 2039 294 2079 scienter
321 2038 504 2080 fecerint
531 2048 603 2080 aut
630 2039 723 2080 fleri
750 2040 1080 2097 procuraverint
1104 2040 1432 2097 quoquomodo.

163 2133 202 2174 7.
242 2135 285 2174 In
317 2135 438 2189 cujus
468 2134 527 2175 rei
558 2135 857 2176 testimonium
882 2136 1077 2192 presenti
1107 2144 1224 2177 carte
1252 2135 1444 2193 sigillum
1476 2151 1578 2177 nos-

104 2209 217 2242 trum
255 2210 321 2242 cst
367 2218 607 2258 appensum
651 2219 732 2243 una
780 2219 874 2244 cum
923 2203 1079 2259 sigillis
1120 2203 1574 2260 archiepiscoporum,

105 2269 428 2325 episcoporum,
477 2270 707 2320 comitum,
753 2271 964 2311 baronum
1001 2279 1043 2312 et
1087 2271 1268 2312 aliorum
1307 2271 1380 2328 qui
1421 2279 1577 2328 sponte

100 2337 354 2392 juraverunt
388 2337 504 2393 quod
540 2346 737 2379 tenorem
771 2339 989 2395 presentis
1021 2347 1159 2389 carte,
1191 2348 1404 2396 quatenus
1441 2339 1485 2379 in
1514 2338 1576 2379 eis

104 2411 191 2453 est,
221 2404 265 2444 in
291 2405 493 2445 omnibus
519 2414 561 2446 et
590 2405 777 2464 singulis
803 2406 996 2447 articulis
1022 2407 1319 2448 observabunt
1338 2415 1381 2448 et
1405 2406 1458 2448 ad
1483 2407 1575 2462 ejus

103 2471 455 2513 observacionem
479 2473 709 2514 consilium
729 2489 852 2514 suum
874 2483 916 2516 et
938 2474 1144 2516 auxilium
1168 2475 1295 2516 fidele
1316 2475 1578 2532 prestabunt

103 2554 147 2578 1n
172 2547 448 2596 perpetuum.
